2662 4830
254 348 297 395 ιο
1132 358 1139 370 ·
1168 361 1174 372 ·
1225 361 1232 376 ·

1114 399 1138 436 Δ.
1165 426 1171 436 .
1209 425 1215 437 .

246 451 374 525 uestius
387 451 571 527 calliditate
586 455 737 556 Tiberii,
756 461 810 532 vel
824 460 956 561 impetu
970 463 1010 536 C.
1032 400 1290 566 &sarisberi-

246 587 381 664 turum,
401 596 419 636 n
439 567 595 665 dixisset,
616 599 634 636 u
647 599 771 673 quam,
791 578 885 675 quod
907 579 1024 651 fraude
1044 580 1224 671 muliebri,
1254 597 1291 654 et

245 679 421 780 impudico
433 680 567 756 Vitellii
579 710 636 756 ore
654 687 798 786 caderet,
811 717 830 756 u
845 716 944 764 venas
961 692 1127 766 exsolvit:
1144 695 1218 768 viso
1235 710 1288 767 ta-

243 820 324 868 men
339 815 417 868 ante
433 822 532 896 rogo,
546 796 706 898 jussoque
724 804 930 876 «transferri
951 822 1082 903 partem
1106 806 1144 879 in
1165 807 1288 898 aliam,

243 935 288 981 ue
312 908 461 1008 opacitas
477 909 640 983 arborum
658 939 783 1011 vapore
803 914 892 1018 iguis
916 919 1171 994 minueretur.»
1195 923 1287 994 Tan-

242 1040 319 1094 tum
331 1021 384 1094 illi
401 1023 589 1096 securitatis
601 1025 794 1099 novissimae
809 1029 887 1103 luit.

292 1138 356 1212 IV.
374 1139 553 1213 Vocantur
566 1159 644 1241 post
657 1141 731 1216 haec
746 1163 875 1244 patres,
894 1149 1072 1252 pergitque
1086 1149 1215 1224 Suilius
1227 1149 1290 1222 ad-

241 1249 323 1326 dere
338 1278 413 1325 reos
430 1255 561 1354 equites
570 1282 729 1331 romanos
743 1258 909 1360 illustres,
921 1264 1046 1363 quibus
1053 1268 1155 1338 Petra
1162 1289 1291 1366 coguo-

270 1415 291 1456 5.
306 1414 390 1470 Quibus
400 1418 471 1462 Petra
481 1429 657 1475 cognoneemm.
666 1420 724 1465 Malo
735 1421 817 1465 Petroe.

240 1551 292 1584 non
303 1534 400 1588 desino.
411 1537 480 1590 Nam
490 1552 516 1591 et
528 1538 673 1592 cicadae.
684 1540 709 1601 6,
723 1555 746 1589 2.
780 1537 917 1594 Suetonius
931 1545 967 1596 ait
984 1545 1036 1598 Vit.
1061 1565 1082 1596 1.
1104 1562 1192 1596 umore
1211 1545 1288 1594 Iiber-

236 1625 326 1679 panes
337 1613 407 1664 istius
422 1615 506 1685 qfficii
520 1629 576 1667 sunt
588 1616 665 1682 pueri
678 1615 747 1666 Cice-
780 1627 840 1670 tince
852 1618 1005 1690 periu'famis
1016 1646 1024 1676 .·
1035 1627 1110 1676 etium
1127 1625 1216 1675 salivis
1231 1627 1287 1695 ejus

239 1693 325 1756 runis,
342 1695 393 1743 sive
408 1697 462 1760 jam
478 1695 664 1757 adolescentis‚·
679 1693 750 1760 quod
780 1696 853 1746 melle
869 1701 1018 1764 commistis,
1031 1701 1141 1769 quotidie
1152 1719 1184 1751 ac
1197 1700 1288 1768 palam

239 1771 343 1838 quidem
355 1774 425 1825 illum
437 1777 505 1826 soleo
514 1776 619 1827 hortari.
627 1774 660 1825 Et
670 1773 702 1824 ad
713 1774 747 1843 Q.
780 1775 887 1825 arterias
896 1788 920 1825 et
944 1778 1017 1829 bucer
1025 1797 1074 1846 pro
1086 1779 1285 1842 remediojbve·

239 1846 348 1900 fratrem
365 1869 392 1913 1,
410 1870 445 1915 1.‚
465 1852 518 1903 Sed
527 1853 590 1917 qnid
598 1870 642 1921 ego
655 1865 679 1902 te
693 1851 748 1902 haee
778 1854 830 1904 bu't.
847 1855 915 1905 ere.

239 1925 344 1991 bonor,
370 1948 428 1997 quoe
449 1944 475 1981 tu
490 1931 587 1998 faeere
609 1942 680 1997 potes
704 1944 747 1981 tua
802 1935 948 1984 Securitatis
956 1935 1286 1999 nov.Vacuitatisatiurore,

238 2014 329 2069 sponte
336 2004 353 2055 ?
365 2005 456 2058 Giton.
778 2013 943 2076 constantiae,
959 2014 1214 2084 tranquillitatisque.
1225 2011 1284 2065 MS.

272 2087 368 2135 Lenem
384 2088 487 2138 exitum.
504 2091 597 2137 Levem
611 2085 651 2138 cd.
663 2088 745 2154 princ.
779 2087 867 2139 Guelf.
876 2088 943 2142 Edd.
951 2109 991 2160 pr.
1004 2092 1112 2152 Alciati,
1126 2093 1143 2142 J
1148 2131 1151 2136 .
1163 2092 1183 2141 F
1188 2129 1193 2140 .
1202 2087 1284 2142 Grou.

237 2160 342 2215 Puteol.
354 2166 412 2217 Riv.
425 2165 487 2218 Aldi
501 2167 594 2227 :vitio,
605 2178 634 2216 ut
646 2166 746 2234 opinor,
779 2165 918 2215 novissime.
931 2165 1025 2217 Melius
1044 2167 1187 2217 novissimae
1201 2178 1284 2237 puto,
1299 2166 1302 2171 ’

237 2261 389 2312 operarum,
404 2248 429 2296 iu
444 2247 526 2316 prima
544 2243 656 2316 quidem.
677 2243 745 2295 Etru.
779 2245 922 2315 respicique
938 2245 971 2296 ad
989 2246 1090 2316 Virgilii
1109 2247 1141 2307 6,
1160 2247 1218 2296 231.
1238 2264 1284 2309 11,

237 2321 302 2375 Bud.
317 2325 408 2377 lenem.
778 2323 835 2374 825.
854 2322 976 2374 mundata
995 2338 1020 2375 et
1038 2326 1117 2376 verbu
1136 2326 1283 2376 novissima.

269 2404 309 2454 Et
328 2405 463 2472 usurpatis.
486 2404 614 2474 Copulam
636 2401 746 2454 Picbena
779 2401 846 2453 Eun.

235 2482 351 2534 restituit
364 2502 377 2534 e
390 2494 442 2534 vet.
458 2479 541 2534 libris.
811 2483 1048 2551 PergitqneSuiliur
1056 2480 1151 2531 addere
1158 2482 1286 2534 reuelle-

269 2560 296 2608 0.
307 2561 369 2611 Cres.
384 2559 448 2612 Bud.
459 2561 492 2610 G.
500 2560 563 2611 Ores.
574 2576 644 2610 more
653 2576 743 2628 graeco.
778 2581 827 2634 que
837 2560 1017 2631 corrigendum
1025 2573 1063 2611 est
1070 2579 1156 2631 agere,
1165 2580 1226 2612 eum
1235 2562 1286 2614 Ur-

235 2636 280 2690 sic
291 2639 387 2690 ubivis.
652 2704 655 2709 ἢ
776 2643 847 2705 uiuo,
864 2660 945 2717 neque
959 2640 1009 2691 boc
1028 2641 1109 2709 magis
1126 2659 1157 2691 ex
1175 2643 1285 2711 antiquo

268 2717 593 2780 Peritumm.1nt.suisse,
605 2715 743 2785 cujussaue
776 2735 879 2773 auctore
894 2733 1036 2789 sumptum,
1054 2737 1131 2789 quarn
1149 2738 1181 2770 ex
1195 2722 1283 2790 quoti·

234 2790 277 2843 hic
289 2792 380 2843 durior
391 2793 486 2860 ellipsis
500 2807 546 2843 est·
556 2793 626 2842 ERN·
775 2798 849 2849 diana
858 2800 956 2848 romani
968 2797 1018 2847 oris
1028 2795 1226 2859 consuetudine,
1238 2817 1283 2848 no·

269 2871 352 2938 Quum
370 2868 441 2935 quod
449 2869 551 2933 fraude
570 2869 699 2930 muliebri,
719 2881 744 2919 et
774 2875 816 2928 bis
827 2894 858 2925 ex
869 2887 907 2925 sat
922 2875 1000 2924 certis
1013 2887 1145 2925 auctorum
1156 2875 1221 2928 locis
1231 2877 1282 2928 ob-

233 2947 365 3014 impudieo
379 2948 481 2998 Vitellii
490 2965 533 2996 ore
550 2948 658 2997 caderet.
672 2947 744 2998 Gru-
776 2949 913 3012 servanda,
931 2967 982 3020 qua
1000 2949 1096 3001 addere
1118 2964 1156 3002 est
1175 2969 1282 3023 augere,

234 3039 309 3078 tetus
322 3023 498 3076 rotundiorem
513 3025 589 3093 longe
603 3024 656 3074 sore
670 3037 743 3092 putat
775 3028 819 3080 vel
830 3027 893 3077 alios
902 3027 956 3077 aliis
966 3024 1067 3079 addere.
1079 3028 1149 3080 Infra
1156 3048 1178 3080 c.
1192 3032 1229 3080 13.
1238 3031 1285 3081 Ac

233 3107 386 3174 orationem,
395 3105 416 3154 si
422 3104 509 3154 recisis
514 3102 586 3170 quod
595 3115 621 3153 et
631 3102 742 3166 caderet,
776 3121 854 3160 novus
865 3104 995 3155 literarum
997 3103 1104 3172 jbrmas
1121 3106 1239 3170 addidit,
1255 3107 1283 3159 id

232 3184 419 3250 scriberemus,
430 3179 610 3249 quamfraude
621 3182 742 3243 muliebri,
776 3197 831 3247 eet,
845 3185 942 3235 invenit
954 3197 979 3234 et
993 3184 1122 3253 prioribus
1133 3181 1241 3238 addidit.
1255 3205 1282 3248 1,

234 3277 258 3316 et
267 3262 395 3330 impudico
404 3261 504 3311 Vitellii
512 3279 563 3312 ore.
571 3261 611 3312 De
619 3261 743 3330 particula
776 3259 833 3328 54,
848 3259 919 3311 Idem
931 3279 1012 3310 annus
1027 3278 1106 3311 novas
1122 3264 1283 3313 cerimonias

233 3343 373 3396 subscribo
383 3354 424 3392 :et
434 3341 527 3391 vitium
537 3353 584 3402 est,
592 3341 666 3410 quale
674 3339 742 3410 apud
775 3338 872 3404 accepit
882 3377 889 3401 ,
909 3337 998 3408 addito
1013 3336 1138 3388 sodalium
1161 3352 1283 3406 augusta-

232 3421 339 3472 Livium
350 3420 396 3482 28,
409 3418 449 3484 43.
460 3418 604 3468 curavimus
612 3416 742 3469 :Verbum
775 3415 834 3465 lium
843 3413 996 3476 sacerdotio,
1006 3416 1023 3465 i.
1037 3434 1059 3466 e.
1071 3416 1190 3467 instituto
1200 3429 1225 3466 et
1235 3414 1284 3467 ad·

232 3497 311 3549 tacite
322 3497 412 3547 tolero.
425 3495 514 3548 Guou.
523 3492 578 3546 Sed
587 3495 658 3561 quod
666 3495 742 3545 etiam
773 3493 829 3545 dito
838 3495 884 3556 iis,
895 3511 950 3564 quae
960 3494 1099 3564 antiquitus
1109 3492 1280 3546 habebantur.

232 3577 300 3628 ferri
312 3588 411 3646 potest,
426 3587 451 3626 et
467 3576 525 3626 loco
540 3574 635 3625 Justini
655 3592 699 3642 19,
718 3575 741 3625 3.
773 3573 921 3625 TalePliuii
931 3591 975 3636 22,
986 3592 1021 3641 7.,
1032 3571 1168 3624 Addidere
1178 3575 1287 3625 vivendi

232 3654 383 3707 defenditur
402 3672 416 3704 a
433 3654 487 3705 Jae.
499 3651 581 3705 Grou.
597 3654 641 3723 qui
658 3665 742 3703 tamen
772 3654 854 3720 pretia
864 3651 971 3703 deliciae.
983 3651 1061 3720 Quod
1078 3654 1155 3703 etiam
1169 3671 1220 3704 nou
1234 3672 1280 3704 ee-

232 3730 298 3784 buir=
308 3749 358 3783 uon
369 3731 458 3782 similis
468 3743 505 3782 est
516 3750 522 3780 :
534 3748 591 3780 naui
601 3728 638 3780 ibi
648 3749 743 3798 praece·
774 3752 849 3804 pere,
860 3745 889 3783 ut
901 3731 937 3783 ibi
948 3730 1075 3782 docemus.
1086 3730 1130 3783 sio
1142 3732 1222 3801 igitur
1232 3732 1283 3783 ad·

232 3808 371 3874 ditfirre,
385 3821 445 3878 post
456 3807 526 3877 quod
542 3808 681 3858 necessario
697 3825 740 3856 re·
773 3808 833 3860 dere
845 3827 899 3860 reos
913 3821 950 3859 est
960 3808 1023 3858 alios
1032 3809 1160 3876 corripere
1172 3821 1199 3858 et
1209 3809 1282 3878 Pop·

232 3889 347 3960 quiritur
357 3906 432 3956 quam
442 3886 518 3957 quod.
530 3886 599 3938 Eun.
772 3909 832 3957 pere
847 3903 923 3958 atque
938 3889 1054 3938 Asiatico
1070 3885 1171 3938 addere.
1186 3885 1280 3939 Guou.

265 3964 401 4029 [mpudico
414 3963 515 4014 Vitellii
529 3982 580 4013 ore.
591 3962 690 4033 Quiane
706 3965 742 4013 iu·
813 3967 920 4037 Equites
939 3982 1057 4015 romanos
1081 3964 1199 4014 illustres.
1223 3963 1281 4032 Qui

234 4057 276 4098 ter
297 4041 402 4115 Ligures
417 4041 557 4099 Vitellius?
575 4060 608 4094 an
622 4043 696 4114 quia,
710 4056 740 4095 ut
772 4057 832 4097 suut
847 4043 945 4116 equites
959 4038 1091 4095 illustres?
1109 4039 1202 4112 Neque
1211 4043 1283 4094 enim
