<?xml version="1.0" encoding="UTF-8"?>
<!DOCTYPE html PUBLIC "-//W3C//DTD XHTML 1.0 Transitional//EN"
    "http://www.w3.org/TR/xhtml1/DTD/xhtml1-transitional.dtd">
<html xmlns="http://www.w3.org/1999/xhtml" xml:lang="en" lang="en">
 <head>
  <title>
</title>
<meta http-equiv="Content-Type" content="text/html;charset=utf-8" />
  <meta name='ocr-system' content='tesseract 3.04.00' />
  <meta name='ocr-capabilities' content='ocr_page ocr_carea ocr_par ocr_line ocrx_word'/>
</head>
<body>
  <div class='ocr_page' id='page_1' title='image "bibliothecaclas36lemagoog_0036.png"; bbox 0 0 2662 4830; ppageno 0'>
   <div class='ocr_carea' id='block_1_1' title="bbox 185 322 1165 430">
    <p class='ocr_par' dir='ltr' id='par_1_1' title="bbox 185 322 1165 430">
     <span class='ocr_line' id='line_1_1' title="bbox 185 322 1165 430; baseline 0.005 -38"><span class='ocrx_word' id='word_1_1' title='bbox 185 324 329 389; x_wconf 49' lang='grc' dir='ltr'><em>ωπον</em></span> <span class='ocrx_word' id='word_1_2' title='bbox 515 322 782 430; x_wconf 72' lang='lat' dir='ltr'><em>nicenti.</em></span> <span class='ocrx_word' id='word_1_3' title='bbox 1117 352 1165 425; x_wconf 79' lang='lat'><em>¹19</em></span> 
     </span>
    </p>
   </div>
   <div class='ocr_carea' id='block_1_2' title="bbox 146 390 1167 674">
    <p class='ocr_par' dir='ltr' id='par_1_2' title="bbox 146 390 1167 674">
     <span class='ocr_line' id='line_1_2' title="bbox 146 390 1167 561; baseline 0 -31"><span class='ocrx_word' id='word_1_4' title='bbox 146 390 303 561; x_wconf 53' lang='lat' dir='ltr'><em>Gogiiaiet</em></span> <span class='ocrx_word' id='word_1_5' title='bbox 324 456 481 558; x_wconf 84' lang='lat' dir='ltr'><em>plebem,</em></span> <span class='ocrx_word' id='word_1_6' title='bbox 505 481 582 555; x_wconf 82' lang='lat' dir='ltr'><em>qnae</em></span> <span class='ocrx_word' id='word_1_7' title='bbox 602 474 682 556; x_wconf 78' lang='lat' dir='ltr'><em>toga</em></span> <span class='ocrx_word' id='word_1_8' title='bbox 702 453 907 526; x_wconf 83' lang='lat' dir='ltr'><em>enitesceret</em></span> <span class='ocrx_word' id='word_1_9' title='bbox 930 456 1080 528; x_wconf 81' lang='lat' dir='ltr'><strong>Sublatis</strong></span> <span class='ocrx_word' id='word_1_10' title='bbox 1097 474 1167 532; x_wconf 86' lang='lat' dir='ltr'><em>stu·</em></span> 
     </span>
     <span class='ocr_line' id='line_1_3' title="bbox 146 566 1167 674; baseline -0.002 -28"><span class='ocrx_word' id='word_1_11' title='bbox 146 574 266 648; x_wconf 71' lang='lat' dir='ltr'><em>ffinnm</em></span> <span class='ocrx_word' id='word_1_12' title='bbox 299 573 446 674; x_wconf 78' lang='lat' dir='ltr'><em>pretiis,</em></span> <span class='ocrx_word' id='word_1_13' title='bbox 471 571 579 645; x_wconf 77' lang='lat' dir='ltr'><em>etiem</em></span> <span class='ocrx_word' id='word_1_14' title='bbox 608 568 722 643; x_wconf 83' lang='lat' dir='ltr'><em>studia</em></span> <span class='ocrx_word' id='word_1_15' title='bbox 750 566 910 670; x_wconf 80' lang='lat' dir='ltr'><em>petitura.</em></span> <span class='ocrx_word' id='word_1_16' title='bbox 928 596 945 640; x_wconf 80' lang='lat' dir='ltr'><em>n</em></span> <span class='ocrx_word' id='word_1_17' title='bbox 971 571 1028 643; x_wconf 86' lang='lat' dir='ltr'><em>Ut</em></span> <span class='ocrx_word' id='word_1_18' title='bbox 1052 573 1167 645; x_wconf 89' lang='lat' dir='ltr'><em>minus</em></span> 
     </span>
    </p>
   </div>
   <div class='ocr_carea' id='block_1_3' title="bbox 94 755 1176 1687">
    <p class='ocr_par' dir='ltr' id='par_1_3' title="bbox 94 755 1176 1687">
     <span class='ocr_line' id='line_1_4' title="bbox 169 755 1167 818; baseline 0.001 -17"><span class='ocrx_word' id='word_1_19' title='bbox 169 763 193 802; x_wconf 81' lang='lat'><em>15.</em></span> <span class='ocrx_word' id='word_1_20' title='bbox 208 761 321 817; x_wconf 78' lang='lat' dir='ltr'><em>Cogitaret</em></span> <span class='ocrx_word' id='word_1_21' title='bbox 328 761 430 818; x_wconf 85' lang='lat' dir='ltr'><em>plebem,</em></span> <span class='ocrx_word' id='word_1_22' title='bbox 441 773 502 816; x_wconf 80' lang='lat' dir='ltr'><em>qua,</em></span> <span class='ocrx_word' id='word_1_23' title='bbox 510 769 562 815; x_wconf 78' lang='lat' dir='ltr'><em>toga</em></span> <span class='ocrx_word' id='word_1_24' title='bbox 569 760 705 802; x_wconf 79' lang='lat' dir='ltr'><em>enitesceret.</em></span> <span class='ocrx_word' id='word_1_25' title='bbox 722 758 756 801; x_wconf 85' lang='lat' dir='ltr'><em>sic</em></span> <span class='ocrx_word' id='word_1_26' title='bbox 764 757 823 801; x_wconf 72' lang='lat' dir='ltr'><em>stoc.</em></span> <span class='ocrx_word' id='word_1_27' title='bbox 836 766 858 800; x_wconf 79' lang='lat' dir='ltr'><em>st</em></span> <span class='ocrx_word' id='word_1_28' title='bbox 867 755 916 800; x_wconf 83' lang='lat' dir='ltr'><em>eod.</em></span> <span class='ocrx_word' id='word_1_29' title='bbox 924 760 974 815; x_wconf 78' lang='lat' dir='ltr'><em>Agr.</em></span> <span class='ocrx_word' id='word_1_30' title='bbox 985 763 1167 817; x_wconf 75' lang='lat' dir='ltr'><em>quoetoga.1.ego</em></span> 
     </span>
     <span class='ocr_line' id='line_1_5' title="bbox 144 825 1169 890; baseline -0.004 -12"><span class='ocrx_word' id='word_1_31' title='bbox 144 831 235 888; x_wconf 58' lang='lat' dir='ltr'><em>Quare</em></span> <span class='ocrx_word' id='word_1_32' title='bbox 242 832 368 888; x_wconf 68' lang='lat' dir='ltr'><em>a-plebem,</em></span> <span class='ocrx_word' id='word_1_33' title='bbox 379 841 482 890; x_wconf 70' lang='lat' dir='ltr'><em>autoga</em></span> <span class='ocrx_word' id='word_1_34' title='bbox 491 832 629 876; x_wconf 63' lang='lat' dir='ltr'><em>maceret.</em></span> <span class='ocrx_word' id='word_1_35' title='bbox 636 825 783 875; x_wconf 74' lang='lat' dir='ltr'><em>Tentstbnns</em></span> <span class='ocrx_word' id='word_1_36' title='bbox 792 830 865 874; x_wconf 87' lang='lat' dir='ltr'><em>loonrn</em></span> <span class='ocrx_word' id='word_1_37' title='bbox 876 834 961 874; x_wconf 73' lang='lat' dir='ltr'><em>Penes.</em></span> <span class='ocrx_word' id='word_1_38' title='bbox 970 828 998 873; x_wconf 81' lang='lat' dir='ltr'><em>tle</em></span> <span class='ocrx_word' id='word_1_39' title='bbox 1007 834 1037 874; x_wconf 83' lang='lat' dir='ltr'><em>lte</em></span> <span class='ocrx_word' id='word_1_40' title='bbox 1046 829 1131 874; x_wconf 66' lang='lat' dir='ltr'><em>resins.</em></span> <span class='ocrx_word' id='word_1_41' title='bbox 1143 849 1150 874; x_wconf 89' lang='grc' dir='ltr'>ι</span> <span class='ocrx_word' id='word_1_42' title='bbox 1160 862 1169 884; x_wconf 88' lang='grc'>,</span> 
     </span>
     <span class='ocr_line' id='line_1_6' title="bbox 145 901 1170 969; baseline -0.002 -19"><span class='ocrx_word' id='word_1_43' title='bbox 145 909 302 967; x_wconf 77' lang='lat' dir='ltr'><em>3³.‚p..97.per</em></span> <span class='ocrx_word' id='word_1_44' title='bbox 312 916 389 962; x_wconf 78' lang='lat' dir='ltr'><em>togam</em></span> <span class='ocrx_word' id='word_1_45' title='bbox 402 915 460 950; x_wconf 87' lang='lat' dir='ltr'><em>recte</em></span> <span class='ocrx_word' id='word_1_46' title='bbox 470 904 596 951; x_wconf 79' lang='lat' dir='ltr'><strong>Gronovius</strong></span> <span class='ocrx_word' id='word_1_47' title='bbox 605 903 758 949; x_wconf 63' lang='lat' dir='ltr'><em>causidicinam</em></span> <span class='ocrx_word' id='word_1_48' title='bbox 768 903 856 961; x_wconf 78' lang='lat' dir='ltr'><em>accepit.</em></span> <span class='ocrx_word' id='word_1_49' title='bbox 867 903 933 960; x_wconf 82' lang='lat' dir='ltr'><em>Qua,</em></span> <span class='ocrx_word' id='word_1_50' title='bbox 944 917 986 960; x_wconf 83' lang='lat' dir='ltr'><em>qne</em></span> <span class='ocrx_word' id='word_1_51' title='bbox 994 901 1041 969; x_wconf 74' lang='lat' dir='ltr'><em>vie,</em></span> <span class='ocrx_word' id='word_1_52' title='bbox 1047 904 1170 959; x_wconf 77' lang='lat' dir='ltr'><em>quomodo.</em></span> 
     </span>
     <span class='ocr_line' id='line_1_7' title="bbox 144 972 1169 1037; baseline 0 -17"><span class='ocrx_word' id='word_1_53' title='bbox 144 980 187 1020; x_wconf 83' lang='lat' dir='ltr'><em>lon.</em></span> <span class='ocrx_word' id='word_1_54' title='bbox 199 995 222 1021; x_wconf 70' lang='grc' dir='ltr'><em>ια</em></span> <span class='ocrx_word' id='word_1_55' title='bbox 230 1009 237 1032; x_wconf 87' lang='grc'>,</span> <span class='ocrx_word' id='word_1_56' title='bbox 246 972 295 1031; x_wconf 68' lang='lat' dir='ltr'><em>ss..</em></span> <span class='ocrx_word' id='word_1_57' title='bbox 310 976 380 1037; x_wconf 82' lang='lat' dir='ltr'><em>thue</em></span> <span class='ocrx_word' id='word_1_58' title='bbox 391 978 471 1022; x_wconf 84' lang='lat' dir='ltr'><em>studiis</em></span> <span class='ocrx_word' id='word_1_59' title='bbox 481 978 580 1022; x_wconf 79' lang='lat' dir='ltr'><em>honestis</em></span> <span class='ocrx_word' id='word_1_60' title='bbox 591 986 614 1020; x_wconf 88' lang='lat' dir='ltr'><em>et</em></span> <span class='ocrx_word' id='word_1_61' title='bbox 624 975 753 1034; x_wconf 79' lang='lat' dir='ltr'><em>eloquentia</em></span> <span class='ocrx_word' id='word_1_62' title='bbox 767 978 906 1019; x_wconf 84' lang='lat' dir='ltr'><em>enitesceret.</em></span> <span class='ocrx_word' id='word_1_63' title='bbox 917 974 951 1020; x_wconf 89' lang='lat' dir='ltr'><em>sic</em></span> <span class='ocrx_word' id='word_1_64' title='bbox 963 983 984 1017; x_wconf 84' lang='lat' dir='ltr'><em>et</em></span> <span class='ocrx_word' id='word_1_65' title='bbox 991 973 1022 1017; x_wconf 91' lang='lat' dir='ltr'><em>ihi</em></span> <span class='ocrx_word' id='word_1_66' title='bbox 1033 974 1091 1019; x_wconf 87' lang='lat' dir='ltr'><em>melo</em></span> <span class='ocrx_word' id='word_1_67' title='bbox 1102 991 1169 1032; x_wconf 87' lang='lat' dir='ltr'><em>quem</em></span> 
     </span>
     <span class='ocr_line' id='line_1_8' title="bbox 143 1047 1170 1107; baseline 0.001 -16"><span class='ocrx_word' id='word_1_68' title='bbox 143 1052 246 1096; x_wconf 79' lang='lat' dir='ltr'><em>nitesceret</em></span> <span class='ocrx_word' id='word_1_69' title='bbox 262 1059 299 1095; x_wconf 79' lang='lat' dir='ltr'><em>est</em></span> <span class='ocrx_word' id='word_1_70' title='bbox 315 1051 439 1095; x_wconf 77' lang='lat' dir='ltr'><em>notesceret</em></span> <span class='ocrx_word' id='word_1_71' title='bbox 449 1063 499 1093; x_wconf 88' lang='lat' dir='ltr'><em>cum</em></span> <span class='ocrx_word' id='word_1_72' title='bbox 514 1048 595 1107; x_wconf 78' lang='lat' dir='ltr'><em>Lipsio.</em></span> <span class='ocrx_word' id='word_1_73' title='bbox 611 1053 666 1091; x_wconf 80' lang='lat' dir='ltr'><em>Ano.</em></span> <span class='ocrx_word' id='word_1_74' title='bbox 682 1052 719 1102; x_wconf 74' lang='lat' dir='ltr'><em>il,</em></span> <span class='ocrx_word' id='word_1_75' title='bbox 736 1051 782 1100; x_wconf 68' lang='lat'><em>53„</em></span> <span class='ocrx_word' id='word_1_76' title='bbox 799 1049 864 1091; x_wconf 86' lang='lat' dir='ltr'><em>Inter</em></span> <span class='ocrx_word' id='word_1_77' title='bbox 873 1047 958 1090; x_wconf 85' lang='lat' dir='ltr'><em>nobiles</em></span> <span class='ocrx_word' id='word_1_78' title='bbox 971 1056 994 1091; x_wconf 90' lang='lat' dir='ltr'><em>et</em></span> <span class='ocrx_word' id='word_1_79' title='bbox 1006 1048 1072 1103; x_wconf 83' lang='lat' dir='ltr'><em>longo</em></span> <span class='ocrx_word' id='word_1_80' title='bbox 1087 1048 1170 1094; x_wconf 55' lang='lat' dir='ltr'><em>&amp;cora</em></span> 
     </span>
     <span class='ocr_line' id='line_1_9' title="bbox 140 1119 1170 1181; baseline -0.002 -17"><span class='ocrx_word' id='word_1_81' title='bbox 140 1124 271 1180; x_wconf 66' lang='lat' dir='ltr'><em>preferentes</em></span> <span class='ocrx_word' id='word_1_82' title='bbox 282 1127 370 1169; x_wconf 82' lang='lat' dir='ltr'><em>novitas</em></span> <span class='ocrx_word' id='word_1_83' title='bbox 380 1137 434 1168; x_wconf 87' lang='lat' dir='ltr'><em>ntea</em></span> <span class='ocrx_word' id='word_1_84' title='bbox 448 1126 533 1167; x_wconf 79' lang='lat' dir='ltr'><em>enituit.</em></span> <span class='ocrx_word' id='word_1_85' title='bbox 543 1121 635 1178; x_wconf 82' lang='lat' dir='ltr'><em>Quintil.</em></span> <span class='ocrx_word' id='word_1_86' title='bbox 650 1137 673 1175; x_wconf 70' lang='grc' dir='ltr'><em>α,</em></span> <span class='ocrx_word' id='word_1_87' title='bbox 687 1125 719 1173; x_wconf 82' lang='grc'><em>5.,</em></span> <span class='ocrx_word' id='word_1_88' title='bbox 735 1121 807 1165; x_wconf 83' lang='lat' dir='ltr'><em>cultus</em></span> <span class='ocrx_word' id='word_1_89' title='bbox 820 1123 930 1165; x_wconf 82' lang='lat' dir='ltr'><em>enitescit.</em></span> <span class='ocrx_word' id='word_1_90' title='bbox 942 1119 1024 1164; x_wconf 79' lang='lat' dir='ltr'><em>Plinius</em></span> <span class='ocrx_word' id='word_1_91' title='bbox 1040 1127 1119 1181; x_wconf 78' lang='lat' dir='ltr'><em>Peneg.</em></span> <span class='ocrx_word' id='word_1_92' title='bbox 1135 1127 1170 1177; x_wconf 75' lang='grc'><em>4.,</em></span> 
     </span>
     <span class='ocr_line' id='line_1_10' title="bbox 94 1192 1171 1254; baseline 0.001 -17"><span class='ocrx_word' id='word_1_93' title='bbox 94 1242 97 1246; x_wconf 16' lang='grc' dir='ltr'><em>Δ</em></span> <span class='ocrx_word' id='word_1_94' title='bbox 142 1199 206 1242; x_wconf 85' lang='lat' dir='ltr'><em>enituit</em></span> <span class='ocrx_word' id='word_1_95' title='bbox 222 1198 307 1254; x_wconf 76' lang='lat' dir='ltr'><em>alianis</em></span> <span class='ocrx_word' id='word_1_96' title='bbox 317 1200 341 1240; x_wconf 84' lang='lat' dir='ltr'><em>in</em></span> <span class='ocrx_word' id='word_1_97' title='bbox 351 1196 426 1246; x_wconf 81' lang='lat' dir='ltr'><em>bello,</em></span> <span class='ocrx_word' id='word_1_98' title='bbox 437 1196 479 1240; x_wconf 81' lang='lat' dir='ltr'><em>sed</em></span> <span class='ocrx_word' id='word_1_99' title='bbox 487 1196 595 1239; x_wconf 82' lang='lat' dir='ltr'><em>obsolevit</em></span> <span class='ocrx_word' id='word_1_100' title='bbox 608 1197 632 1237; x_wconf 86' lang='lat' dir='ltr'><em>in</em></span> <span class='ocrx_word' id='word_1_101' title='bbox 639 1208 704 1250; x_wconf 88' lang='lat' dir='ltr'><em>pace.</em></span> <span class='ocrx_word' id='word_1_102' title='bbox 714 1199 794 1238; x_wconf 82' lang='lat' dir='ltr'><em>Senees</em></span> <span class='ocrx_word' id='word_1_103' title='bbox 804 1193 832 1237; x_wconf 89' lang='lat' dir='ltr'><em>de</em></span> <span class='ocrx_word' id='word_1_104' title='bbox 842 1192 914 1237; x_wconf 76' lang='lat' dir='ltr'><em>benef.</em></span> <span class='ocrx_word' id='word_1_105' title='bbox 927 1197 951 1245; x_wconf 85' lang='grc'><em>3,</em></span> <span class='ocrx_word' id='word_1_106' title='bbox 966 1197 1011 1246; x_wconf 69' lang='grc' dir='ltr'><em>3ι.,</em></span> <span class='ocrx_word' id='word_1_107' title='bbox 1024 1193 1078 1250; x_wconf 78' lang='lat' dir='ltr'><em>quid</em></span> <span class='ocrx_word' id='word_1_108' title='bbox 1087 1195 1108 1237; x_wconf 93' lang='lat' dir='ltr'><em>si</em></span> <span class='ocrx_word' id='word_1_109' title='bbox 1119 1197 1171 1250; x_wconf 83' lang='lat' dir='ltr'><em>quis</em></span> 
     </span>
     <span class='ocr_line' id='line_1_11' title="bbox 139 1254 1172 1326; baseline -0.001 -15"><span class='ocrx_word' id='word_1_110' title='bbox 139 1270 159 1311; x_wconf 82' lang='lat' dir='ltr'><em>in</em></span> <span class='ocrx_word' id='word_1_111' title='bbox 166 1277 249 1313; x_wconf 85' lang='lat' dir='ltr'><em>tantum</em></span> <span class='ocrx_word' id='word_1_112' title='bbox 254 1271 376 1326; x_wconf 85' lang='lat' dir='ltr'><em>prooessit,</em></span> <span class='ocrx_word' id='word_1_113' title='bbox 384 1278 407 1312; x_wconf 88' lang='lat' dir='ltr'><em>ut</em></span> <span class='ocrx_word' id='word_1_114' title='bbox 416 1277 456 1311; x_wconf 88' lang='lat' dir='ltr'><em>aut</em></span> <span class='ocrx_word' id='word_1_115' title='bbox 464 1267 593 1325; x_wconf 79' lang='lat' dir='ltr'><em>eloquentia</em></span> <span class='ocrx_word' id='word_1_116' title='bbox 600 1279 643 1322; x_wconf 82' lang='lat' dir='ltr'><em>per·</em></span> <span class='ocrx_word' id='word_1_117' title='bbox 650 1274 726 1321; x_wconf 74' lang='lat' dir='ltr'><em>gemes</em></span> <span class='ocrx_word' id='word_1_118' title='bbox 736 1274 886 1315; x_wconf 82' lang='lat' dir='ltr'><em>enotesceret,</em></span> <span class='ocrx_word' id='word_1_119' title='bbox 897 1267 1029 1318; x_wconf 81' lang='lat' dir='ltr'><em>autjustitia</em></span> <span class='ocrx_word' id='word_1_120' title='bbox 1036 1274 1077 1309; x_wconf 86' lang='lat' dir='ltr'><em>aut</em></span> <span class='ocrx_word' id='word_1_121' title='bbox 1085 1254 1172 1311; x_wconf 72' lang='lat' dir='ltr'><em>bellicis</em></span> 
     </span>
     <span class='ocr_line' id='line_1_12' title="bbox 142 1337 1174 1398; baseline 0.002 -17"><span class='ocrx_word' id='word_1_122' title='bbox 142 1340 282 1393; x_wconf 70' lang='lat' dir='ltr'><em>attentato,</em></span> <span class='ocrx_word' id='word_1_123' title='bbox 294 1344 433 1384; x_wconf 80' lang='lat' dir='ltr'><em>enitesceret.</em></span> <span class='ocrx_word' id='word_1_124' title='bbox 448 1359 467 1398; x_wconf 65' lang='grc' dir='ltr'><em>ς,</em></span> <span class='ocrx_word' id='word_1_125' title='bbox 482 1343 526 1392; x_wconf 75' lang='grc' dir='ltr'><em>ι4.,</em></span> <span class='ocrx_word' id='word_1_126' title='bbox 537 1345 615 1380; x_wconf 89' lang='lat' dir='ltr'><em>contra</em></span> <span class='ocrx_word' id='word_1_127' title='bbox 618 1337 739 1393; x_wconf 80' lang='lat' dir='ltr'><em>fortunam</em></span> <span class='ocrx_word' id='word_1_128' title='bbox 749 1338 836 1380; x_wconf 87' lang='lat' dir='ltr'><em>lactata</em></span> <span class='ocrx_word' id='word_1_129' title='bbox 850 1339 922 1380; x_wconf 84' lang='lat' dir='ltr'><em>virtns</em></span> <span class='ocrx_word' id='word_1_130' title='bbox 931 1339 1018 1382; x_wconf 87' lang='lat' dir='ltr'><em>enituit.</em></span> <span class='ocrx_word' id='word_1_131' title='bbox 1033 1339 1081 1383; x_wconf 82' lang='lat' dir='ltr'><em>Liv.</em></span> <span class='ocrx_word' id='word_1_132' title='bbox 1099 1343 1124 1392; x_wconf 73' lang='grc'><em>4,</em></span> <span class='ocrx_word' id='word_1_133' title='bbox 1141 1345 1174 1392; x_wconf 81' lang='grc'><em>3.,</em></span> 
     </span>
     <span class='ocr_line' id='line_1_13' title="bbox 141 1410 1175 1470; baseline -0.002 -12"><span class='ocrx_word' id='word_1_134' title='bbox 141 1410 185 1454; x_wconf 73' lang='lat' dir='ltr'><em>dum</em></span> <span class='ocrx_word' id='word_1_135' title='bbox 195 1414 282 1456; x_wconf 86' lang='lat' dir='ltr'><em>nulium</em></span> <span class='ocrx_word' id='word_1_136' title='bbox 287 1413 410 1470; x_wconf 83' lang='lat' dir='ltr'><em>fastiditur</em></span> <span class='ocrx_word' id='word_1_137' title='bbox 417 1426 500 1467; x_wconf 51' lang='lat' dir='ltr'><em>genn„</em></span> <span class='ocrx_word' id='word_1_138' title='bbox 515 1413 538 1452; x_wconf 86' lang='lat' dir='ltr'><em>in</em></span> <span class='ocrx_word' id='word_1_139' title='bbox 548 1422 590 1467; x_wconf 84' lang='lat' dir='ltr'><em>quo</em></span> <span class='ocrx_word' id='word_1_140' title='bbox 599 1411 693 1451; x_wconf 85' lang='lat' dir='ltr'><em>eniteret</em></span> <span class='ocrx_word' id='word_1_141' title='bbox 701 1411 786 1457; x_wconf 82' lang='lat' dir='ltr'><em>virtus,</em></span> <span class='ocrx_word' id='word_1_142' title='bbox 796 1411 866 1452; x_wconf 85' lang='lat' dir='ltr'><em>crevit</em></span> <span class='ocrx_word' id='word_1_143' title='bbox 878 1411 996 1466; x_wconf 83' lang='lat' dir='ltr'><em>imperium</em></span> <span class='ocrx_word' id='word_1_144' title='bbox 1005 1423 1132 1457; x_wconf 70' lang='lat' dir='ltr'><em>ronanam.</em></span> <span class='ocrx_word' id='word_1_145' title='bbox 1140 1413 1175 1458; x_wconf 90' lang='lat' dir='ltr'><em>sic</em></span> 
     </span>
     <span class='ocr_line' id='line_1_14' title="bbox 138 1481 1176 1541; baseline -0.002 -12"><span class='ocrx_word' id='word_1_146' title='bbox 138 1483 238 1541; x_wconf 67' lang='lat' dir='ltr'><em>effulgere</em></span> <span class='ocrx_word' id='word_1_147' title='bbox 251 1489 310 1531; x_wconf 71' lang='lat' dir='ltr'><em>tan.</em></span> <span class='ocrx_word' id='word_1_148' title='bbox 324 1490 361 1539; x_wconf 66' lang='grc' dir='ltr'><em>ιδ,</em></span> <span class='ocrx_word' id='word_1_149' title='bbox 375 1489 421 1537; x_wconf 79' lang='grc' dir='ltr'><em>ι3.,</em></span> <span class='ocrx_word' id='word_1_150' title='bbox 439 1485 508 1527; x_wconf 84' lang='lat' dir='ltr'><em>Forte</em></span> <span class='ocrx_word' id='word_1_151' title='bbox 519 1484 567 1526; x_wconf 85' lang='lat' dir='ltr'><em>iilis</em></span> <span class='ocrx_word' id='word_1_152' title='bbox 581 1481 658 1525; x_wconf 84' lang='lat' dir='ltr'><em>diebus</em></span> <span class='ocrx_word' id='word_1_153' title='bbox 675 1481 755 1524; x_wconf 75' lang='lat' dir='ltr'><em>Cesar</em></span> <span class='ocrx_word' id='word_1_154' title='bbox 770 1483 870 1536; x_wconf 79' lang='lat' dir='ltr'><em>inspecw</em></span> <span class='ocrx_word' id='word_1_155' title='bbox 887 1491 983 1532; x_wconf 80' lang='lat' dir='ltr'><em>ornatu</em></span> <span class='ocrx_word' id='word_1_156' title='bbox 996 1496 1038 1540; x_wconf 81' lang='lat' dir='ltr'><em>quo</em></span> <span class='ocrx_word' id='word_1_157' title='bbox 1047 1487 1176 1540; x_wconf 69' lang='lat' dir='ltr'><em>paramum</em></span> 
     </span>
     <span class='ocr_line' id='line_1_15' title="bbox 140 1551 1176 1621; baseline 0.002 -23"><span class='ocrx_word' id='word_1_158' title='bbox 140 1557 389 1616; x_wconf 71' lang='lat' dir='ltr'><em>coniugesacparentes</em></span> <span class='ocrx_word' id='word_1_159' title='bbox 403 1557 546 1621; x_wconf 70' lang='lat' dir='ltr'><em>effulserant.</em></span> <span class='ocrx_word' id='word_1_160' title='bbox 561 1558 640 1599; x_wconf 79' lang='lat' dir='ltr'><em>seneca</em></span> <span class='ocrx_word' id='word_1_161' title='bbox 656 1551 684 1595; x_wconf 88' lang='lat' dir='ltr'><em>de</em></span> <span class='ocrx_word' id='word_1_162' title='bbox 702 1551 825 1597; x_wconf 72' lang='lat' dir='ltr'><em>aretine.</em></span> <span class='ocrx_word' id='word_1_163' title='bbox 843 1555 1065 1613; x_wconf 75' lang='lat' dir='ltr'><em>l.Itoquequidnm</em></span> <span class='ocrx_word' id='word_1_164' title='bbox 1080 1559 1137 1601; x_wconf 85' lang='lat' dir='ltr'><em>ultro</em></span> <span class='ocrx_word' id='word_1_165' title='bbox 1149 1571 1176 1600; x_wconf 86' lang='lat' dir='ltr'><em>se</em></span> 
     </span>
     <span class='ocr_line' id='line_1_16' title="bbox 139 1625 1176 1687; baseline 0.004 -18"><span class='ocrx_word' id='word_1_166' title='bbox 139 1631 269 1674; x_wconf 81' lang='lat' dir='ltr'><em>cessantibus</em></span> <span class='ocrx_word' id='word_1_167' title='bbox 285 1630 355 1673; x_wconf 83' lang='lat' dir='ltr'><em>malis</em></span> <span class='ocrx_word' id='word_1_168' title='bbox 368 1628 507 1674; x_wconf 87' lang='lat' dir='ltr'><em>obtulerunt,</em></span> <span class='ocrx_word' id='word_1_169' title='bbox 518 1634 541 1669; x_wconf 88' lang='lat' dir='ltr'><em>et</em></span> <span class='ocrx_word' id='word_1_170' title='bbox 554 1626 740 1668; x_wconf 73' lang='lat' dir='ltr'><em>terminantia</em></span> <span class='ocrx_word' id='word_1_171' title='bbox 752 1625 869 1670; x_wconf 86' lang='lat' dir='ltr'><em>obscurum</em></span> <span class='ocrx_word' id='word_1_172' title='bbox 886 1629 1030 1671; x_wconf 82' lang='lat' dir='ltr'><em>occasionem</em></span> <span class='ocrx_word' id='word_1_173' title='bbox 1039 1643 1097 1684; x_wconf 80' lang='lat' dir='ltr'><em>per</em></span> <span class='ocrx_word' id='word_1_174' title='bbox 1107 1644 1176 1687; x_wconf 81' lang='lat' dir='ltr'><em>quant</em></span> 
     </span>
    </p>
   </div>
   <div class='ocr_carea' id='block_1_4' title="bbox 138 1705 442 1760">
    <p class='ocr_par' dir='ltr' id='par_1_4' title="bbox 138 1705 442 1760">
     <span class='ocr_line' id='line_1_17' title="bbox 138 1705 442 1760; baseline 0.003 -17"><span class='ocrx_word' id='word_1_175' title='bbox 138 1705 277 1754; x_wconf 86' lang='lat' dir='ltr'><em>enitesceret,</em></span> <span class='ocrx_word' id='word_1_176' title='bbox 289 1705 442 1760; x_wconf 62' lang='lat' dir='ltr'><em>quaeserunt.</em></span> 
     </span>
    </p>
   </div>
   <div class='ocr_carea' id='block_1_5' title="bbox 133 1817 1182 4082">
    <p class='ocr_par' dir='ltr' id='par_1_5' title="bbox 136 1817 1178 1965">
     <span class='ocr_line' id='line_1_18' title="bbox 136 1817 1177 1906; baseline 0.003 -35"><span class='ocrx_word' id='word_1_177' title='bbox 136 1832 160 1871; x_wconf 79' lang='lat' dir='ltr'><em>et</em></span> <span class='ocrx_word' id='word_1_178' title='bbox 177 1838 236 1874; x_wconf 85' lang='lat' dir='ltr'><em>mox</em></span> <span class='ocrx_word' id='word_1_179' title='bbox 256 1819 362 1884; x_wconf 84' lang='lat' dir='ltr'><em>deinde,</em></span> <span class='ocrx_word' id='word_1_180' title='bbox 380 1830 475 1886; x_wconf 83' lang='lat' dir='ltr'><em>petere.</em></span> <span class='ocrx_word' id='word_1_181' title='bbox 493 1817 638 1869; x_wconf 75' lang='lat' dir='ltr'><em>Assentior.</em></span> <span class='ocrx_word' id='word_1_182' title='bbox 665 1817 759 1906; x_wconf 77' lang='lat' dir='ltr'><em>cisqne</em></span> <span class='ocrx_word' id='word_1_183' title='bbox 777 1829 844 1868; x_wconf 82' lang='lat' dir='ltr'><em>artes</em></span> <span class='ocrx_word' id='word_1_184' title='bbox 863 1836 951 1872; x_wconf 88' lang='lat' dir='ltr'><em>omnes</em></span> <span class='ocrx_word' id='word_1_185' title='bbox 969 1822 1017 1872; x_wconf 89' lang='lat' dir='ltr'><em>etsi</em></span> <span class='ocrx_word' id='word_1_186' title='bbox 1040 1820 1177 1892; x_wconf 52' lang='lat' dir='ltr'><em>alimannie</em></span> 
     </span>
     <span class='ocr_line' id='line_1_19' title="bbox 135 1896 1178 1965; baseline 0.002 -14.006"><span class='ocrx_word' id='word_1_187' title='bbox 135 1899 200 1952; x_wconf 28' lang='lat' dir='ltr'><em>wirne</em></span> <span class='ocrx_word' id='word_1_188' title='bbox 211 1902 260 1953; x_wconf 86' lang='lat' dir='ltr'><em>At.</em></span> <span class='ocrx_word' id='word_1_189' title='bbox 271 1901 298 1952; x_wconf 85' lang='lat' dir='ltr'>J</span> <span class='ocrx_word' id='word_1_190' title='bbox 312 1899 494 1952; x_wconf 69' lang='lat' dir='ltr'><em>Gronovius</em></span> <span class='ocrx_word' id='word_1_191' title='bbox 475 1916 511 1949; x_wconf 76' lang='lat' dir='ltr'><em>ne</em></span> <span class='ocrx_word' id='word_1_192' title='bbox 523 1896 639 1947; x_wconf 77' lang='lat' dir='ltr'><em>mavolt</em></span> <span class='ocrx_word' id='word_1_193' title='bbox 671 1908 752 1964; x_wconf 73' lang='lat' dir='ltr'><em>posset</em></span> <span class='ocrx_word' id='word_1_194' title='bbox 763 1898 917 1965; x_wconf 78' lang='lat' dir='ltr'><em>complecti</em></span> <span class='ocrx_word' id='word_1_195' title='bbox 932 1911 1017 1951; x_wconf 87' lang='lat' dir='ltr'><em>tamen</em></span> <span class='ocrx_word' id='word_1_196' title='bbox 1030 1899 1073 1952; x_wconf 82' lang='lat' dir='ltr'><em>bic</em></span> <span class='ocrx_word' id='word_1_197' title='bbox 1082 1903 1178 1953; x_wconf 80' lang='lat' dir='ltr'><em>arctius</em></span> 
     </span>
    </p>

    <p class='ocr_par' dir='ltr' id='par_1_6' title="bbox 133 1974 1182 2669">
     <span class='ocr_line' id='line_1_20' title="bbox 136 1974 1181 2052; baseline 0.001 -21.045"><span class='ocrx_word' id='word_1_198' title='bbox 136 1980 294 2032; x_wconf 78' lang='lat' dir='ltr'><em>Semodicos</em></span> <span class='ocrx_word' id='word_1_199' title='bbox 313 1994 467 2032; x_wconf 73' lang='lat' dir='ltr'><em>senatores:</em></span> <span class='ocrx_word' id='word_1_200' title='bbox 483 1978 569 2046; x_wconf 77' lang='lat' dir='ltr'><em>quieta</em></span> <span class='ocrx_word' id='word_1_201' title='bbox 586 1992 639 2040; x_wconf 84' lang='lat' dir='ltr'><em>rep</em></span> <span class='ocrx_word' id='word_1_202' title='bbox 671 1974 962 2046; x_wconf 82' lang='lat' dir='ltr'><em>nihilaliudsignificet,</em></span> <span class='ocrx_word' id='word_1_203' title='bbox 972 1981 1181 2052; x_wconf 75' lang='lat' dir='ltr'><em>qnameloqaen-</em></span> 
     </span>
     <span class='ocr_line' id='line_1_21' title="bbox 137 2052 1179 2123; baseline 0.002 -17"><span class='ocrx_word' id='word_1_204' title='bbox 137 2058 202 2107; x_wconf 77' lang='lat' dir='ltr'><em>nuHa</em></span> <span class='ocrx_word' id='word_1_205' title='bbox 217 2050 534 2123; x_wconf 72' lang='lat' dir='ltr'><em>rtieipoct&#39;semolumente.</em></span> <span class='ocrx_word' id='word_1_206' title='bbox 548 2054 640 2102; x_wconf 80' lang='lat' dir='ltr'><em>Petere</em></span> <span class='ocrx_word' id='word_1_207' title='bbox 672 2052 736 2102; x_wconf 81' lang='lat' dir='ltr'><em>tiam</em></span> <span class='ocrx_word' id='word_1_208' title='bbox 748 2052 883 2104; x_wconf 84' lang='lat' dir='ltr'><em>sorensem.</em></span> <span class='ocrx_word' id='word_1_209' title='bbox 895 2054 935 2107; x_wconf 86' lang='lat' dir='ltr'><em>Ut</em></span> <span class='ocrx_word' id='word_1_210' title='bbox 949 2057 1023 2109; x_wconf 83' lang='lat' dir='ltr'><em>Livio</em></span> <span class='ocrx_word' id='word_1_211' title='bbox 1041 2072 1085 2120; x_wconf 79' lang='lat' dir='ltr'><em>aa,</em></span> <span class='ocrx_word' id='word_1_212' title='bbox 1095 2059 1135 2110; x_wconf 70' lang='lat'><em>26</em></span> <span class='ocrx_word' id='word_1_213' title='bbox 1145 2056 1179 2108; x_wconf 89' lang='lat' dir='ltr'><em>de</em></span> 
     </span>
     <span class='ocr_line' id='line_1_22' title="bbox 134 2115 1179 2207; baseline 0.003 -25"><span class='ocrx_word' id='word_1_214' title='bbox 134 2128 305 2207; x_wconf 66' lang='lat' dir='ltr'><em>recogitem.</em></span> <span class='ocrx_word' id='word_1_215' title='bbox 319 2133 423 2184; x_wconf 77' lang='lat' dir='ltr'><em>Etenim</em></span> <span class='ocrx_word' id='word_1_216' title='bbox 440 2143 528 2181; x_wconf 86' lang='lat' dir='ltr'><em>onrnes</em></span> <span class='ocrx_word' id='word_1_217' title='bbox 547 2144 596 2179; x_wconf 84' lang='lat' dir='ltr'><em>scr</em></span> <span class='ocrx_word' id='word_1_218' title='bbox 612 2115 649 2178; x_wconf 89' lang='lat' dir='ltr'><em>et</em></span> <span class='ocrx_word' id='word_1_219' title='bbox 668 2127 705 2179; x_wconf 82' lang='lat' dir='ltr'><em>C.</em></span> <span class='ocrx_word' id='word_1_220' title='bbox 716 2129 777 2179; x_wconf 86' lang='lat' dir='ltr'><em>Ter.</em></span> <span class='ocrx_word' id='word_1_221' title='bbox 788 2129 917 2183; x_wconf 82' lang='lat' dir='ltr'><em>Varrone:</em></span> <span class='ocrx_word' id='word_1_222' title='bbox 927 2143 1035 2201; x_wconf 79' lang='lat' dir='ltr'><em>togaque</em></span> <span class='ocrx_word' id='word_1_223' title='bbox 1049 2133 1179 2200; x_wconf 80' lang='lat' dir='ltr'><em>acjbmrn</em></span> 
     </span>
     <span class='ocr_line' id='line_1_23' title="bbox 134 2206 1180 2278; baseline 0.002 -17"><span class='ocrx_word' id='word_1_224' title='bbox 134 2208 190 2261; x_wconf 73' lang='lat' dir='ltr'><em>edd.</em></span> <span class='ocrx_word' id='word_1_225' title='bbox 207 2211 306 2262; x_wconf 71' lang='lat' dir='ltr'><em>babent</em></span> <span class='ocrx_word' id='word_1_226' title='bbox 317 2222 442 2277; x_wconf 81' lang='lat' dir='ltr'><em>peterent:</em></span> <span class='ocrx_word' id='word_1_227' title='bbox 453 2206 524 2278; x_wconf 81' lang='lat' dir='ltr'><em>qnod</em></span> <span class='ocrx_word' id='word_1_228' title='bbox 538 2217 640 2256; x_wconf 71' lang='lat' dir='ltr'><em>nonem</em></span> <span class='ocrx_word' id='word_1_229' title='bbox 669 2210 790 2273; x_wconf 82' lang='lat' dir='ltr'><em>placuere</em></span> <span class='ocrx_word' id='word_1_230' title='bbox 796 2247 804 2271; x_wconf 90' lang='lat'><em>,</em></span> <span class='ocrx_word' id='word_1_231' title='bbox 816 2211 1001 2277; x_wconf 81' lang='lat' dir='ltr'><em>proclamando</em></span> <span class='ocrx_word' id='word_1_232' title='bbox 1009 2230 1057 2277; x_wconf 84' lang='lat' dir='ltr'><em>pro</em></span> <span class='ocrx_word' id='word_1_233' title='bbox 1069 2212 1180 2263; x_wconf 77' lang='lat' dir='ltr'><em>sortlrdts</em></span> 
     </span>
     <span class='ocr_line' id='line_1_24' title="bbox 133 2282 1180 2360; baseline 0 -20"><span class='ocrx_word' id='word_1_234' title='bbox 133 2289 166 2341; x_wconf 77' lang='lat' dir='ltr'><em>tie</em></span> <span class='ocrx_word' id='word_1_235' title='bbox 176 2290 267 2342; x_wconf 75' lang='lat' dir='ltr'><em>sibilo.</em></span> <span class='ocrx_word' id='word_1_236' title='bbox 282 2289 341 2342; x_wconf 75' lang='lat' dir='ltr'><em>Nec</em></span> <span class='ocrx_word' id='word_1_237' title='bbox 354 2290 485 2360; x_wconf 79' lang='lat' dir='ltr'><em>antiquata</em></span> <span class='ocrx_word' id='word_1_238' title='bbox 501 2286 639 2337; x_wconf 85' lang='lat' dir='ltr'><em>lectionem</em></span> <span class='ocrx_word' id='word_1_239' title='bbox 672 2282 813 2334; x_wconf 79' lang='lat' dir='ltr'><em>bominibus</em></span> <span class='ocrx_word' id='word_1_240' title='bbox 826 2289 978 2354; x_wconf 68' lang='lat' dir='ltr'><em>occasioque.</em></span> <span class='ocrx_word' id='word_1_241' title='bbox 994 2288 1093 2340; x_wconf 82' lang='lat' dir='ltr'><em>Plinius</em></span> <span class='ocrx_word' id='word_1_242' title='bbox 1103 2290 1180 2358; x_wconf 82' lang='lat' dir='ltr'><em>epist.</em></span> 
     </span>
     <span class='ocr_line' id='line_1_25' title="bbox 136 2363 1182 2439; baseline 0 -23"><span class='ocrx_word' id='word_1_243' title='bbox 136 2368 243 2422; x_wconf 74' lang='lat' dir='ltr'><em>arbitror</em></span> <span class='ocrx_word' id='word_1_244' title='bbox 269 2368 438 2439; x_wconf 77' lang='lat' dir='ltr'><em>spernendam</em></span> <span class='ocrx_word' id='word_1_245' title='bbox 470 2367 516 2433; x_wconf 85' lang='lat' dir='ltr'><em>qui</em></span> <span class='ocrx_word' id='word_1_246' title='bbox 539 2384 557 2416; x_wconf 87' lang='grc' dir='ltr'><em>α</em></span> <span class='ocrx_word' id='word_1_247' title='bbox 584 2383 638 2432; x_wconf 81' lang='lat' dir='ltr'><em>rep.</em></span> <span class='ocrx_word' id='word_1_248' title='bbox 676 2363 866 2431; x_wconf 76' lang='lat' dir='ltr'><em>1,2n.intogo</em></span> <span class='ocrx_word' id='word_1_249' title='bbox 881 2366 1034 2434; x_wconf 84' lang='lat' dir='ltr'><em>negotiisque</em></span> <span class='ocrx_word' id='word_1_250' title='bbox 1045 2367 1182 2417; x_wconf 73' lang='lat' dir='ltr'><em>orerentur:</em></span> 
     </span>
     <span class='ocr_line' id='line_1_26' title="bbox 136 2441 1181 2516; baseline -0.004 -17"><span class='ocrx_word' id='word_1_251' title='bbox 136 2448 201 2499; x_wconf 72' lang='lat' dir='ltr'><em>aba</em></span> <span class='ocrx_word' id='word_1_252' title='bbox 211 2449 264 2499; x_wconf 79' lang='lat' dir='ltr'><em>nisi</em></span> <span class='ocrx_word' id='word_1_253' title='bbox 270 2449 344 2515; x_wconf 82' lang='lat' dir='ltr'><em>pacis</em></span> <span class='ocrx_word' id='word_1_254' title='bbox 357 2449 433 2499; x_wconf 78' lang='lat' dir='ltr'><em>smol.</em></span> <span class='ocrx_word' id='word_1_255' title='bbox 442 2448 562 2516; x_wconf 74' lang='lat' dir='ltr'><em>pnetent.</em></span> <span class='ocrx_word' id='word_1_256' title='bbox 579 2443 639 2496; x_wconf 85' lang='lat' dir='ltr'><em>MS.</em></span> <span class='ocrx_word' id='word_1_257' title='bbox 673 2441 764 2491; x_wconf 86' lang='lat' dir='ltr'><em>multos</em></span> <span class='ocrx_word' id='word_1_258' title='bbox 781 2441 957 2506; x_wconf 77' lang='lat' dir='ltr'><em>advocatione,</em></span> <span class='ocrx_word' id='word_1_259' title='bbox 975 2445 1060 2508; x_wconf 84' lang='lat' dir='ltr'><em>plures</em></span> <span class='ocrx_word' id='word_1_260' title='bbox 1074 2445 1181 2495; x_wconf 79' lang='lat' dir='ltr'><em>consib&#39;o</em></span> 
     </span>
     <span class='ocr_line' id='line_1_27' title="bbox 135 2521 1181 2594; baseline -0.004 -17"><span class='ocrx_word' id='word_1_261' title='bbox 135 2523 218 2577; x_wconf 74' lang='lat' dir='ltr'><em>Gneli.</em></span> <span class='ocrx_word' id='word_1_262' title='bbox 226 2527 393 2594; x_wconf 85' lang='lat' dir='ltr'><em>quietarep.</em></span> <span class='ocrx_word' id='word_1_263' title='bbox 400 2524 471 2576; x_wconf 81' lang='lat' dir='ltr'><em>Ean</em></span> <span class='ocrx_word' id='word_1_264' title='bbox 483 2521 565 2576; x_wconf 83' lang='lat' dir='ltr'><em>Sicet</em></span> <span class='ocrx_word' id='word_1_265' title='bbox 575 2521 639 2574; x_wconf 86' lang='lat' dir='ltr'><em>Bnd</em></span> <span class='ocrx_word' id='word_1_266' title='bbox 667 2521 752 2590; x_wconf 71' lang='lat' dir='ltr'><em>juant.</em></span> <span class='ocrx_word' id='word_1_267' title='bbox 763 2521 893 2587; x_wconf 69' lang='lat' dir='ltr'><em>Flornsi,</em></span> <span class='ocrx_word' id='word_1_268' title='bbox 907 2539 946 2573; x_wconf 64' lang='grc' dir='ltr'><em>ια.</em></span> <span class='ocrx_word' id='word_1_269' title='bbox 956 2525 1098 2592; x_wconf 71' lang='lat' dir='ltr'><em>caprimum</em></span> <span class='ocrx_word' id='word_1_270' title='bbox 1108 2536 1181 2593; x_wconf 80' lang='lat' dir='ltr'><em>togas</em></span> 
     </span>
     <span class='ocr_line' id='line_1_28' title="bbox 137 2600 1179 2669; baseline 0.003 -17"><span class='ocrx_word' id='word_1_271' title='bbox 137 2603 233 2654; x_wconf 85' lang='lat' dir='ltr'><em>etFlor.</em></span> <span class='ocrx_word' id='word_1_272' title='bbox 359 2623 362 2630; x_wconf 72' lang='grc'><strong>’</strong></span> <span class='ocrx_word' id='word_1_273' title='bbox 673 2600 814 2650; x_wconf 63' lang='lat' dir='ltr'><em>astinem</em></span> <span class='ocrx_word' id='word_1_274' title='bbox 827 2601 1109 2669; x_wconf 72' lang='lat' dir='ltr'><em>omnisjuravidernnt.</em></span> <span class='ocrx_word' id='word_1_275' title='bbox 1125 2603 1179 2655; x_wconf 80' lang='lat' dir='ltr'><em>tte-</em></span> 
     </span>
    </p>

    <p class='ocr_par' dir='ltr' id='par_1_7' title="bbox 135 2675 1179 4082">
     <span class='ocr_line' id='line_1_29' title="bbox 164 2675 1179 2772; baseline -0.001 -41"><span class='ocrx_word' id='word_1_276' title='bbox 164 2682 278 2772; x_wconf 74' lang='lat' dir='ltr'><em>Cogitate</em></span> <span class='ocrx_word' id='word_1_277' title='bbox 293 2679 399 2744; x_wconf 84' lang='lat' dir='ltr'><em>plebem.</em></span> <span class='ocrx_word' id='word_1_278' title='bbox 421 2678 565 2748; x_wconf 81' lang='lat' dir='ltr'><em>Displicent</em></span> <span class='ocrx_word' id='word_1_279' title='bbox 583 2694 640 2746; x_wconf 86' lang='lat' dir='ltr'><em>quae</em></span> <span class='ocrx_word' id='word_1_280' title='bbox 672 2675 760 2744; x_wconf 81' lang='lat' dir='ltr'><em>liqnns</em></span> <span class='ocrx_word' id='word_1_281' title='bbox 777 2689 861 2727; x_wconf 78' lang='lat' dir='ltr'><em>antem</em></span> <span class='ocrx_word' id='word_1_282' title='bbox 878 2695 990 2728; x_wconf 84' lang='lat' dir='ltr'><em>sensus:</em></span> <span class='ocrx_word' id='word_1_283' title='bbox 1006 2679 1179 2743; x_wconf 79' lang='lat' dir='ltr'><em>meminisset,</em></span> 
     </span>
     <span class='ocr_line' id='line_1_30' title="bbox 136 2754 1179 2843; baseline 0.001 -33"><span class='ocrx_word' id='word_1_284' title='bbox 136 2761 221 2830; x_wconf 80' lang='lat' dir='ltr'><em>scripsi</em></span> <span class='ocrx_word' id='word_1_285' title='bbox 214 2759 310 2821; x_wconf 91' lang='lat' dir='ltr'><em>olim,</em></span> <span class='ocrx_word' id='word_1_286' title='bbox 326 2755 469 2808; x_wconf 86' lang='lat' dir='ltr'><em>etindnco.</em></span> <span class='ocrx_word' id='word_1_287' title='bbox 479 2754 553 2807; x_wconf 90' lang='lat' dir='ltr'><em>Vett</em></span> <span class='ocrx_word' id='word_1_288' title='bbox 568 2754 640 2822; x_wconf 77' lang='lat' dir='ltr'><em>cogi-</em></span> <span class='ocrx_word' id='word_1_289' title='bbox 674 2768 895 2843; x_wconf 80' lang='lat' dir='ltr'><em>magnampartem</em></span> <span class='ocrx_word' id='word_1_290' title='bbox 905 2754 1094 2825; x_wconf 79' lang='lat' dir='ltr'><em>plebeiosacde</em></span> <span class='ocrx_word' id='word_1_291' title='bbox 1102 2757 1179 2829; x_wconf 86' lang='lat' dir='ltr'><em>plebe</em></span> 
     </span>
     <span class='ocr_line' id='line_1_31' title="bbox 136 2830 1179 2905; baseline 0 -19"><span class='ocrx_word' id='word_1_292' title='bbox 136 2848 204 2886; x_wconf 86' lang='lat' dir='ltr'><em>taret.</em></span> <span class='ocrx_word' id='word_1_293' title='bbox 222 2832 334 2895; x_wconf 89' lang='lat' dir='ltr'><em>Scribo,</em></span> <span class='ocrx_word' id='word_1_294' title='bbox 355 2834 467 2904; x_wconf 81' lang='lat' dir='ltr'><em>cogitare</em></span> <span class='ocrx_word' id='word_1_295' title='bbox 485 2844 511 2882; x_wconf 86' lang='lat' dir='ltr'><em>et</em></span> <span class='ocrx_word' id='word_1_296' title='bbox 523 2830 639 2898; x_wconf 83' lang='lat' dir='ltr'><em>plebem,</em></span> <span class='ocrx_word' id='word_1_297' title='bbox 673 2849 740 2893; x_wconf 68' lang='lat' dir='ltr'><em>mse,</em></span> <span class='ocrx_word' id='word_1_298' title='bbox 752 2833 797 2902; x_wconf 83' lang='lat' dir='ltr'><em>qui</em></span> <span class='ocrx_word' id='word_1_299' title='bbox 818 2833 986 2886; x_wconf 81' lang='lat' dir='ltr'><em>enitescerent</em></span> <span class='ocrx_word' id='word_1_300' title='bbox 1001 2847 1079 2905; x_wconf 83' lang='lat' dir='ltr'><em>atque</em></span> <span class='ocrx_word' id='word_1_301' title='bbox 1094 2837 1121 2886; x_wconf 89' lang='lat' dir='ltr'><em>in</em></span> <span class='ocrx_word' id='word_1_302' title='bbox 1135 2837 1179 2888; x_wconf 82' lang='lat' dir='ltr'><em>ln-</em></span> 
     </span>
     <span class='ocr_line' id='line_1_32' title="bbox 135 2910 1178 2985; baseline -0.002 -19"><span class='ocrx_word' id='word_1_303' title='bbox 135 2933 183 2982; x_wconf 83' lang='lat' dir='ltr'><em>qae</em></span> <span class='ocrx_word' id='word_1_304' title='bbox 194 2929 253 2985; x_wconf 87' lang='lat' dir='ltr'><em>toga</em></span> <span class='ocrx_word' id='word_1_305' title='bbox 270 2914 423 2964; x_wconf 84' lang='lat' dir='ltr'><em>enitesceret.</em></span> <span class='ocrx_word' id='word_1_306' title='bbox 444 2910 543 2973; x_wconf 88' lang='lat' dir='ltr'><em>idest,</em></span> <span class='ocrx_word' id='word_1_307' title='bbox 563 2911 641 2961; x_wconf 85' lang='lat' dir='ltr'><em>etiam</em></span> <span class='ocrx_word' id='word_1_308' title='bbox 673 2927 730 2960; x_wconf 90' lang='lat' dir='ltr'><em>cem</em></span> <span class='ocrx_word' id='word_1_309' title='bbox 744 2925 770 2959; x_wconf 89' lang='lat' dir='ltr'><em>se</em></span> <span class='ocrx_word' id='word_1_310' title='bbox 787 2911 933 2979; x_wconf 84' lang='lat' dir='ltr'><em>proferrent</em></span> <span class='ocrx_word' id='word_1_311' title='bbox 949 2923 1009 2981; x_wconf 86' lang='lat' dir='ltr'><em>toga</em></span> <span class='ocrx_word' id='word_1_312' title='bbox 1022 2924 1049 2963; x_wconf 90' lang='lat' dir='ltr'><em>et</em></span> <span class='ocrx_word' id='word_1_313' title='bbox 1064 2912 1178 2964; x_wconf 80' lang='lat' dir='ltr'><em>causidi-</em></span> 
     </span>
     <span class='ocr_line' id='line_1_33' title="bbox 136 2988 1178 3062; baseline 0 -19"><span class='ocrx_word' id='word_1_314' title='bbox 136 2992 250 3062; x_wconf 78' lang='lat' dir='ltr'><em>quemvis</em></span> <span class='ocrx_word' id='word_1_315' title='bbox 259 3009 273 3042; x_wconf 86' lang='lat' dir='ltr'><em>e</em></span> <span class='ocrx_word' id='word_1_316' title='bbox 284 2988 360 3059; x_wconf 83' lang='lat' dir='ltr'><em>plebe</em></span> <span class='ocrx_word' id='word_1_317' title='bbox 370 2992 599 3058; x_wconf 70' lang='lat' dir='ltr'><em>occupatissimam,</em></span> <span class='ocrx_word' id='word_1_318' title='bbox 611 2998 641 3037; x_wconf 88' lang='lat' dir='ltr'><em>nt</em></span> <span class='ocrx_word' id='word_1_319' title='bbox 672 2989 731 3039; x_wconf 85' lang='lat' dir='ltr'><em>cine</em></span> <span class='ocrx_word' id='word_1_320' title='bbox 741 3007 746 3038; x_wconf 91' lang='lat'>:</span> <span class='ocrx_word' id='word_1_321' title='bbox 759 2990 804 3059; x_wconf 84' lang='lat' dir='ltr'><em>qni</em></span> <span class='ocrx_word' id='word_1_322' title='bbox 820 3007 871 3040; x_wconf 88' lang='lat' dir='ltr'><em>non</em></span> <span class='ocrx_word' id='word_1_323' title='bbox 881 3003 984 3060; x_wconf 86' lang='lat' dir='ltr'><em>possent</em></span> <span class='ocrx_word' id='word_1_324' title='bbox 994 3003 1048 3042; x_wconf 81' lang='lat' dir='ltr'><em>tam</em></span> <span class='ocrx_word' id='word_1_325' title='bbox 1058 3009 1178 3062; x_wconf 83' lang='lat' dir='ltr'><em>magnum</em></span> 
     </span>
     <span class='ocr_line' id='line_1_34' title="bbox 136 3065 1176 3141; baseline 0 -19"><span class='ocrx_word' id='word_1_326' title='bbox 136 3083 274 3141; x_wconf 79' lang='lat' dir='ltr'><em>emergeret</em></span> <span class='ocrx_word' id='word_1_327' title='bbox 291 3087 332 3131; x_wconf 87' lang='lat' dir='ltr'><em>ee,</em></span> <span class='ocrx_word' id='word_1_328' title='bbox 348 3081 375 3119; x_wconf 90' lang='lat' dir='ltr'><em>et</em></span> <span class='ocrx_word' id='word_1_329' title='bbox 390 3067 511 3119; x_wconf 84' lang='lat' dir='ltr'><em>nitidiore</em></span> <span class='ocrx_word' id='word_1_330' title='bbox 526 3080 587 3136; x_wconf 79' lang='lat' dir='ltr'><em>toga</em></span> <span class='ocrx_word' id='word_1_331' title='bbox 601 3067 641 3118; x_wconf 86' lang='lat' dir='ltr'><em>uti</em></span> <span class='ocrx_word' id='word_1_332' title='bbox 672 3065 778 3119; x_wconf 86' lang='lat' dir='ltr'><em>induere</em></span> <span class='ocrx_word' id='word_1_333' title='bbox 795 3070 922 3133; x_wconf 85' lang='lat' dir='ltr'><em>animum,</em></span> <span class='ocrx_word' id='word_1_334' title='bbox 942 3082 968 3120; x_wconf 90' lang='lat' dir='ltr'><em>et</em></span> <span class='ocrx_word' id='word_1_335' title='bbox 986 3088 1089 3141; x_wconf 85' lang='lat' dir='ltr'><em>operam</em></span> <span class='ocrx_word' id='word_1_336' title='bbox 1105 3071 1176 3123; x_wconf 89' lang='lat' dir='ltr'><em>illam</em></span> 
     </span>
     <span class='ocr_line' id='line_1_35' title="bbox 137 3142 1178 3217; baseline 0.003 -18"><span class='ocrx_word' id='word_1_337' title='bbox 137 3161 229 3217; x_wconf 85' lang='lat' dir='ltr'><em>posset.</em></span> <span class='ocrx_word' id='word_1_338' title='bbox 253 3142 549 3213; x_wconf 60' lang='lat' dir='ltr'><em>tetrametram</em></span> <span class='ocrx_word' id='word_1_339' title='bbox 571 3143 640 3194; x_wconf 87' lang='lat' dir='ltr'><em>hunc</em></span> <span class='ocrx_word' id='word_1_340' title='bbox 673 3149 1178 3217; x_wconf 81' lang='lat' dir='ltr'><em>gratuitampreestare‚nisiemriredomi</em></span> 
     </span>
     <span class='ocr_line' id='line_1_36' title="bbox 138 3223 1177 3294; baseline 0.005 -18"><span class='ocrx_word' id='word_1_341' title='bbox 138 3229 211 3279; x_wconf 81' lang='lat' dir='ltr'><em>animi</em></span> <span class='ocrx_word' id='word_1_342' title='bbox 236 3227 287 3277; x_wconf 88' lang='lat' dir='ltr'><em>mei</em></span> <span class='ocrx_word' id='word_1_343' title='bbox 311 3223 439 3293; x_wconf 62' lang='lat' dir='ltr'><em>sennim)</em></span> <span class='ocrx_word' id='word_1_344' title='bbox 460 3236 487 3276; x_wconf 90' lang='lat' dir='ltr'><em>et</em></span> <span class='ocrx_word' id='word_1_345' title='bbox 511 3225 641 3275; x_wconf 80' lang='lat' dir='ltr'><em>narratio·</em></span> <span class='ocrx_word' id='word_1_346' title='bbox 672 3226 1177 3294; x_wconf 74' lang='lat' dir='ltr'><em>etiamsperirevelint‚dumaliosbea-</em></span> 
     </span>
     <span class='ocr_line' id='line_1_37' title="bbox 136 3300 1176 3377; baseline 0.007 -23"><span class='ocrx_word' id='word_1_347' title='bbox 136 3322 176 3356; x_wconf 88' lang='lat' dir='ltr'><em>nes</em></span> <span class='ocrx_word' id='word_1_348' title='bbox 204 3316 231 3354; x_wconf 88' lang='lat' dir='ltr'><em>et</em></span> <span class='ocrx_word' id='word_1_349' title='bbox 256 3302 383 3354; x_wconf 73' lang='lat' dir='ltr'><em>orationes</em></span> <span class='ocrx_word' id='word_1_350' title='bbox 407 3301 482 3361; x_wconf 78' lang='lat' dir='ltr'><em>istst,</em></span> <span class='ocrx_word' id='word_1_351' title='bbox 508 3300 638 3363; x_wconf 81' lang='lat' dir='ltr'><em>turbate,</em></span> <span class='ocrx_word' id='word_1_352' title='bbox 672 3306 831 3357; x_wconf 79' lang='lat' dir='ltr'><em>tosianiunt.</em></span> <span class='ocrx_word' id='word_1_353' title='bbox 845 3306 925 3370; x_wconf 85' lang='lat' dir='ltr'><em>Nam,</em></span> <span class='ocrx_word' id='word_1_354' title='bbox 940 3307 1010 3377; x_wconf 86' lang='lat' dir='ltr'><em>quod</em></span> <span class='ocrx_word' id='word_1_355' title='bbox 1022 3307 1108 3360; x_wconf 82' lang='lat' dir='ltr'><em>dicere</em></span> <span class='ocrx_word' id='word_1_356' title='bbox 1121 3310 1176 3360; x_wconf 86' lang='lat' dir='ltr'><em>Ta-</em></span> 
     </span>
     <span class='ocr_line' id='line_1_38' title="bbox 137 3379 1176 3452; baseline 0.001 -17"><span class='ocrx_word' id='word_1_357' title='bbox 137 3384 251 3435; x_wconf 80' lang='lat' dir='ltr'><em>cnncisae.</em></span> <span class='ocrx_word' id='word_1_358' title='bbox 262 3381 368 3444; x_wconf 80' lang='lat' dir='ltr'><em>Confer,</em></span> <span class='ocrx_word' id='word_1_359' title='bbox 377 3379 465 3443; x_wconf 80' lang='lat' dir='ltr'><em>sedes,</em></span> <span class='ocrx_word' id='word_1_360' title='bbox 475 3379 597 3432; x_wconf 87' lang='lat' dir='ltr'><em>buncXI.</em></span> <span class='ocrx_word' id='word_1_361' title='bbox 606 3380 640 3431; x_wconf 90' lang='lat' dir='ltr'><em>ii·</em></span> <span class='ocrx_word' id='word_1_362' title='bbox 672 3384 752 3433; x_wconf 89' lang='lat' dir='ltr'><em>citum</em></span> <span class='ocrx_word' id='word_1_363' title='bbox 767 3382 877 3445; x_wconf 84' lang='lat' dir='ltr'><em>faciunt,</em></span> <span class='ocrx_word' id='word_1_364' title='bbox 892 3383 961 3452; x_wconf 89' lang='lat' dir='ltr'><em>plebi</em></span> <span class='ocrx_word' id='word_1_365' title='bbox 972 3401 1022 3435; x_wconf 90' lang='lat' dir='ltr'><em>non</em></span> <span class='ocrx_word' id='word_1_366' title='bbox 1035 3403 1088 3437; x_wconf 88' lang='lat' dir='ltr'><em>esse</em></span> <span class='ocrx_word' id='word_1_367' title='bbox 1100 3386 1176 3436; x_wconf 83' lang='lat' dir='ltr'><em>aliam</em></span> 
     </span>
     <span class='ocr_line' id='line_1_39' title="bbox 137 3456 1176 3531; baseline 0.002 -18"><span class='ocrx_word' id='word_1_368' title='bbox 137 3459 210 3514; x_wconf 87' lang='lat' dir='ltr'><em>bmm</em></span> <span class='ocrx_word' id='word_1_369' title='bbox 228 3478 288 3513; x_wconf 88' lang='lat' dir='ltr'><em>cum</em></span> <span class='ocrx_word' id='word_1_370' title='bbox 305 3478 357 3513; x_wconf 86' lang='lat' dir='ltr'><em>uno</em></span> <span class='ocrx_word' id='word_1_371' title='bbox 375 3462 469 3531; x_wconf 86' lang='lat' dir='ltr'><em>quovis</em></span> <span class='ocrx_word' id='word_1_372' title='bbox 484 3478 498 3510; x_wconf 92' lang='lat' dir='ltr'><em>e</em></span> <span class='ocrx_word' id='word_1_373' title='bbox 515 3460 639 3530; x_wconf 80' lang='lat' dir='ltr'><em>primosi-</em></span> <span class='ocrx_word' id='word_1_374' title='bbox 672 3458 782 3511; x_wconf 84' lang='lat' dir='ltr'><em>viemad</em></span> <span class='ocrx_word' id='word_1_375' title='bbox 801 3456 954 3528; x_wconf 81' lang='lat' dir='ltr'><em>dignitates,</em></span> <span class='ocrx_word' id='word_1_376' title='bbox 972 3459 1064 3511; x_wconf 84' lang='lat' dir='ltr'><em>falsum</em></span> <span class='ocrx_word' id='word_1_377' title='bbox 1081 3475 1132 3523; x_wconf 86' lang='lat' dir='ltr'><em>est,</em></span> <span class='ocrx_word' id='word_1_378' title='bbox 1145 3477 1176 3515; x_wconf 89' lang='lat' dir='ltr'><em>ut</em></span> 
     </span>
     <span class='ocr_line' id='line_1_40' title="bbox 139 3536 1173 3611; baseline 0.005 -22"><span class='ocrx_word' id='word_1_379' title='bbox 139 3536 182 3590; x_wconf 85' lang='lat' dir='ltr'><em>bos</em></span> <span class='ocrx_word' id='word_1_380' title='bbox 197 3557 204 3588; x_wconf 74' lang='grc' dir='ltr'><strong>ε</strong></span> <span class='ocrx_word' id='word_1_381' title='bbox 217 3537 331 3610; x_wconf 82' lang='lat' dir='ltr'><em>jurabis,</em></span> <span class='ocrx_word' id='word_1_382' title='bbox 349 3537 464 3607; x_wconf 76' lang='lat' dir='ltr'><em>elapsum</em></span> <span class='ocrx_word' id='word_1_383' title='bbox 480 3555 539 3588; x_wconf 91' lang='lat' dir='ltr'><em>enm</em></span> <span class='ocrx_word' id='word_1_384' title='bbox 557 3537 640 3605; x_wconf 90' lang='lat' dir='ltr'><em>impe·</em></span> <span class='ocrx_word' id='word_1_385' title='bbox 672 3551 767 3590; x_wconf 87' lang='lat' dir='ltr'><em>norunt</em></span> <span class='ocrx_word' id='word_1_386' title='bbox 790 3556 875 3590; x_wconf 87' lang='lat' dir='ltr'><em>rerum</em></span> <span class='ocrx_word' id='word_1_387' title='bbox 898 3556 1060 3591; x_wconf 86' lang='lat' dir='ltr'><em>romanarum</em></span> <span class='ocrx_word' id='word_1_388' title='bbox 1085 3544 1173 3611; x_wconf 88' lang='lat' dir='ltr'><em>periti.</em></span> 
     </span>
     <span class='ocr_line' id='line_1_41' title="bbox 138 3613 1175 3690; baseline 0.007 -24"><span class='ocrx_word' id='word_1_389' title='bbox 138 3615 244 3667; x_wconf 80' lang='lat' dir='ltr'><em>sitorum</em></span> <span class='ocrx_word' id='word_1_390' title='bbox 268 3613 405 3677; x_wconf 83' lang='lat' dir='ltr'><em>menibus,</em></span> <span class='ocrx_word' id='word_1_391' title='bbox 428 3613 500 3666; x_wconf 84' lang='lat' dir='ltr'><em>velut</em></span> <span class='ocrx_word' id='word_1_392' title='bbox 519 3631 533 3664; x_wconf 92' lang='lat' dir='ltr'><em>e</em></span> <span class='ocrx_word' id='word_1_393' title='bbox 554 3630 640 3683; x_wconf 77' lang='lat' dir='ltr'><em>pugna</em></span> <span class='ocrx_word' id='word_1_394' title='bbox 673 3616 749 3687; x_wconf 84' lang='lat' dir='ltr'><em>Pejus</em></span> <span class='ocrx_word' id='word_1_395' title='bbox 764 3631 791 3670; x_wconf 91' lang='lat' dir='ltr'><em>et</em></span> <span class='ocrx_word' id='word_1_396' title='bbox 799 3616 920 3680; x_wconf 80' lang='lat' dir='ltr'><em>ridintle,</em></span> <span class='ocrx_word' id='word_1_397' title='bbox 931 3619 975 3688; x_wconf 81' lang='lat' dir='ltr'><em>qui</em></span> <span class='ocrx_word' id='word_1_398' title='bbox 990 3621 1094 3690; x_wconf 76' lang='lat' dir='ltr'><em>proprie</em></span> <span class='ocrx_word' id='word_1_399' title='bbox 1103 3623 1175 3673; x_wconf 87' lang='lat' dir='ltr'><em>aeci-</em></span> 
     </span>
     <span class='ocr_line' id='line_1_42' title="bbox 138 3691 1175 3767; baseline 0.003 -21"><span class='ocrx_word' id='word_1_400' title='bbox 138 3695 218 3766; x_wconf 80' lang='lat' dir='ltr'><em>eliqua</em></span> <span class='ocrx_word' id='word_1_401' title='bbox 232 3694 359 3746; x_wconf 85' lang='lat' dir='ltr'><em>cannensi.</em></span> <span class='ocrx_word' id='word_1_402' title='bbox 378 3695 446 3744; x_wconf 79' lang='lat' dir='ltr'><em>Liss.</em></span> <span class='ocrx_word' id='word_1_403' title='bbox 458 3691 568 3763; x_wconf 84' lang='lat' dir='ltr'><em>Scripsit</em></span> <span class='ocrx_word' id='word_1_404' title='bbox 581 3710 638 3744; x_wconf 89' lang='lat' dir='ltr'><em>om·</em></span> <span class='ocrx_word' id='word_1_405' title='bbox 672 3694 725 3764; x_wconf 82' lang='lat' dir='ltr'><em>pit,</em></span> <span class='ocrx_word' id='word_1_406' title='bbox 735 3695 808 3766; x_wconf 84' lang='lat' dir='ltr'><em>quasi</em></span> <span class='ocrx_word' id='word_1_407' title='bbox 819 3695 900 3746; x_wconf 82' lang='lat' dir='ltr'><em>vellet</em></span> <span class='ocrx_word' id='word_1_408' title='bbox 917 3693 1035 3757; x_wconf 80' lang='lat' dir='ltr'><em>Tacitus,</em></span> <span class='ocrx_word' id='word_1_409' title='bbox 1054 3709 1083 3748; x_wconf 89' lang='lat' dir='ltr'><em>nt</em></span> <span class='ocrx_word' id='word_1_410' title='bbox 1100 3696 1175 3767; x_wconf 82' lang='lat' dir='ltr'><em>plebs</em></span> 
     </span>
     <span class='ocr_line' id='line_1_43' title="bbox 138 3771 1173 3846; baseline 0.003 -20"><span class='ocrx_word' id='word_1_411' title='bbox 138 3773 453 3842; x_wconf 64' lang='lat' dir='ltr'><em>nino&#39;t&#39;acicusmogtmt</em></span> <span class='ocrx_word' id='word_1_412' title='bbox 460 3772 572 3839; x_wconf 86' lang='lat' dir='ltr'><em>plebem,</em></span> <span class='ocrx_word' id='word_1_413' title='bbox 583 3791 641 3842; x_wconf 78' lang='lat' dir='ltr'><em>quse</em></span> <span class='ocrx_word' id='word_1_414' title='bbox 673 3776 784 3844; x_wconf 82' lang='lat' dir='ltr'><em>cogitet,</em></span> <span class='ocrx_word' id='word_1_415' title='bbox 802 3771 932 3844; x_wconf 77' lang='lat' dir='ltr'><em>quomodo</em></span> <span class='ocrx_word' id='word_1_416' title='bbox 951 3773 1029 3824; x_wconf 85' lang='lat' dir='ltr'><em>niteat</em></span> <span class='ocrx_word' id='word_1_417' title='bbox 1046 3787 1122 3846; x_wconf 88' lang='lat' dir='ltr'><em>toga,</em></span> <span class='ocrx_word' id='word_1_418' title='bbox 1137 3779 1173 3829; x_wconf 88' lang='lat' dir='ltr'><em>sic</em></span> 
     </span>
     <span class='ocr_line' id='line_1_44' title="bbox 139 3848 1174 3921; baseline 0.005 -23"><span class='ocrx_word' id='word_1_419' title='bbox 139 3862 194 3918; x_wconf 82' lang='lat' dir='ltr'><em>toga</em></span> <span class='ocrx_word' id='word_1_420' title='bbox 203 3851 356 3902; x_wconf 85' lang='lat' dir='ltr'><em>enitesceret.</em></span> <span class='ocrx_word' id='word_1_421' title='bbox 366 3848 422 3901; x_wconf 88' lang='lat' dir='ltr'><em>Nec</em></span> <span class='ocrx_word' id='word_1_422' title='bbox 430 3849 641 3901; x_wconf 78' lang='lat' dir='ltr'><em>satisfacientiu—</em></span> <span class='ocrx_word' id='word_1_423' title='bbox 673 3863 799 3902; x_wconf 85' lang='lat' dir='ltr'><em>oratorem</em></span> <span class='ocrx_word' id='word_1_424' title='bbox 808 3851 936 3920; x_wconf 79' lang='lat' dir='ltr'><em>cogitare,</em></span> <span class='ocrx_word' id='word_1_425' title='bbox 953 3848 1083 3921; x_wconf 85' lang='lat' dir='ltr'><em>quomodo</em></span> <span class='ocrx_word' id='word_1_426' title='bbox 1094 3853 1174 3903; x_wconf 83' lang='lat' dir='ltr'><em>niteat</em></span> 
     </span>
     <span class='ocr_line' id='line_1_45' title="bbox 141 3927 1174 3999; baseline 0.002 -18"><span class='ocrx_word' id='word_1_427' title='bbox 141 3928 642 3999; x_wconf 62' lang='lat' dir='ltr'><em>septemsogamutiquetretnsh.ac·</em></span> <span class='ocrx_word' id='word_1_428' title='bbox 672 3931 762 3982; x_wconf 86' lang='lat' dir='ltr'><em>oratio.</em></span> <span class='ocrx_word' id='word_1_429' title='bbox 780 3927 870 3982; x_wconf 80' lang='lat' dir='ltr'><em>Gnon.</em></span> <span class='ocrx_word' id='word_1_430' title='bbox 890 3930 1037 3982; x_wconf 86' lang='lat' dir='ltr'><em>Rectissime</em></span> <span class='ocrx_word' id='word_1_431' title='bbox 1056 3928 1119 3981; x_wconf 79' lang='lat' dir='ltr'><em>haec.</em></span> <span class='ocrx_word' id='word_1_432' title='bbox 1137 3930 1174 3983; x_wconf 89' lang='lat' dir='ltr'><em>Et</em></span> 
     </span>
     <span class='ocr_line' id='line_1_46' title="bbox 141 4004 1171 4082; baseline 0 -21"><span class='ocrx_word' id='word_1_433' title='bbox 141 4009 200 4078; x_wconf 84' lang='lat' dir='ltr'><em>cipit</em></span> <span class='ocrx_word' id='word_1_434' title='bbox 207 4010 266 4065; x_wconf 78' lang='lat' dir='ltr'><em>lese</em></span> <span class='ocrx_word' id='word_1_435' title='bbox 275 4011 359 4067; x_wconf 73' lang='lat' dir='ltr'><em>nimn.</em></span> <span class='ocrx_word' id='word_1_436' title='bbox 369 4008 408 4067; x_wconf 82' lang='lat' dir='ltr'><em>Ea</em></span> <span class='ocrx_word' id='word_1_437' title='bbox 416 4009 484 4064; x_wconf 84' lang='lat' dir='ltr'><em>enim</em></span> <span class='ocrx_word' id='word_1_438' title='bbox 493 4024 582 4078; x_wconf 84' lang='lat' dir='ltr'><em>pacem</em></span> <span class='ocrx_word' id='word_1_439' title='bbox 593 4025 640 4082; x_wconf 77' lang='lat' dir='ltr'><em>pa·</em></span> <span class='ocrx_word' id='word_1_440' title='bbox 671 4007 747 4080; x_wconf 84' lang='lat' dir='ltr'><em>plane</em></span> <span class='ocrx_word' id='word_1_441' title='bbox 760 4004 800 4062; x_wconf 80' lang='lat' dir='ltr'><em>ed.</em></span> <span class='ocrx_word' id='word_1_442' title='bbox 813 4023 854 4078; x_wconf 88' lang='lat' dir='ltr'><em>pr.</em></span> <span class='ocrx_word' id='word_1_443' title='bbox 871 4004 1007 4060; x_wconf 85' lang='lat' dir='ltr'><em>etPnteol.</em></span> <span class='ocrx_word' id='word_1_444' title='bbox 1022 4005 1171 4061; x_wconf 79' lang='lat' dir='ltr'><em>eishabent.</em></span> 
     </span>
    </p>
   </div>
   <div class='ocr_carea' id='block_1_6' title="bbox 992 4116 1024 4161">
    <p class='ocr_par' dir='ltr' id='par_1_8' title="bbox 992 4116 1024 4161">
     <span class='ocr_line' id='line_1_47' title="bbox 992 4116 1024 4161; baseline 0 0"><span class='ocrx_word' id='word_1_445' title='bbox 992 4116 1024 4161; x_wconf 78' lang='lat'><em>9..</em></span> 
     </span>
    </p>
   </div>
   <div class='ocr_carea' id='block_1_7' title="bbox 0 0 1336 4830">
    <p class='ocr_par' dir='ltr' id='par_1_9' title="bbox 0 0 1336 4830">
     <span class='ocr_line' id='line_1_48' title="bbox 0 0 1336 4830; baseline 0 0"><span class='ocrx_word' id='word_1_446' title='bbox 0 0 1336 4830; x_wconf 95' lang='lat' dir='ltr'><em> </em></span> 
     </span>
    </p>
   </div>
  </div>
 </body>
</html>
