2662 4830
171 404 175 414 .
243 334 290 405 as
593 323 921 397 iuraturus
1111 322 1221 366 sut..

1110 387 1208 439 aar,

239 459 399 561 nignitati
412 458 516 529 deum
531 448 682 555 gratiam·
691 454 917 544 referendam,
930 482 974 529 ne
984 456 1068 527 ritus
1082 478 1275 552 sacrorum,

239 576 326 648 inter
350 570 512 672 ambigua
541 565 649 664 culti,
679 593 739 665 per
763 592 922 666 prospera
950 568 1274 642 oblitterarentur.»

238 693 382 762 Factum
404 710 444 760 ex
462 710 501 756 eo
513 682 577 756 SC.
597 711 615 750 t<
627 681 780 754 viderent
797 681 995 781 pontifices,
1010 709 1088 782 quae
1103 682 1276 758 retinenda

237 800 472 899 firmandaque
485 796 716 894 haruspicum.
734 825 752 863 n
1240 841 1243 846 -

285 916 386 989 XVI.
402 910 532 986 Eodem
545 936 635 982 anno
655 907 904 982 Cheruscorum
924 935 1007 1012 gens
1026 938 1142 1013 regem
1165 913 1277 984 Roma

180 1030 184 1038 ’
235 1031 377 1132 petivit,
396 1023 527 1097 amissis
538 1051 599 1122 per
611 1022 744 1095 interna
753 1023 844 1096 bella
857 1025 1048 1122 nobilibus,
1064 1045 1098 1099 et
1110 1025 1277 1098 unoreli-

237 1168 307 1244 quo
326 1140 441 1237 stirpis
456 1140 574 1239 regiae,
599 1137 658 1236 qui
676 1134 767 1234 apud
780 1137 901 1210 urbem
916 1137 1122 1229 habebatur,
1139 1140 1278 1210 nomine

237 1261 390 1327 Italicus.
415 1253 601 1323 Paternum
618 1246 702 1320 huic
721 1274 829 1348 genus
847 1276 867 1321 e
888 1250 1023 1350 Flavio,
1046 1253 1151 1325 fratre
1164 1252 1279 1324 Armi-

238 1371 308 1466 nii,
322 1386 432 1440 mater
447 1391 487 1441 ex
503 1366 719 1460 Cattumero,
736 1361 889 1462 principe
904 1365 1084 1438 Cattorum
1100 1379 1172 1439 erat
1186 1391 1195 1437 :
1209 1364 1281 1464 ipse

267 1550 300 1592 25.
316 1547 356 1590 Ea
367 1546 493 1590 Catumem.
507 1542 561 1587 cod.
574 1546 624 1598 sgr.
635 1549 655 1583 et
669 1539 704 1583 liic
716 1548 739 1585 α
750 1538 807 1583 infra
819 1554 849 1583 ex
856 1540 984 1588 Acmnsero.
996 1553 1020 1588 nt
1030 1542 1097 1589 vatic.
1108 1543 1173 1588 Idem
1187 1559 1200 1586 a
1213 1524 1281 1586 mani

238 1616 330 1664 amuda
340 1621 428 1661 nomine
438 1616 548 1664 Italicus,
559 1625 605 1656 non
619 1611 702 1655 rurus.
714 1610 779 1655 Etsic
788 1610 860 1655 denno
871 1621 946 1670 postea
956 1613 1017 1658 idam
1029 1615 1096 1660 ouda
1107 1615 1154 1670 bis3
1166 1612 1280 1672 quomodo

238 1699 261 1734 et
269 1689 385 1735 Mediocris.

237 1809 355 1861 Tacitum
365 1804 524 1876 simplicibus
533 1800 655 1855 delectari
665 1814 741 1867 supra
772 1798 967 1870 negligendum,
977 1804 1040 1876 quid
1052 1803 1206 1857 semndum
1216 1823 1224 1853 z
1235 1802 1280 1854 sed

237 1900 361 1940 notatum.
373 1884 443 1936 Eun.
455 1879 519 1934 Bud.
530 1883 671 1930 valescunt.
773 1873 934 1947 disciplinam
950 1882 1062 1949 priscam
1070 1881 1175 1933 retineri
1191 1893 1280 1933 etser·
1324 1904 1327 1909 ·

269 1959 457 2032 Refirendom,
469 1976 508 2009 ne.
518 1957 578 2009 Non
586 1952 688 2006 videtur
696 1969 741 2002 ce·
774 1956 837 2006 vari.
849 1957 939 2026 Itaque
949 1957 1053 2010 videtur
1069 1958 1278 2019 decretumne,

238 2045 305 2114 pisse
327 2043 368 2093 vir
389 2038 515 2107 insignis,
537 2031 741 2093 Freinshemius,
774 2043 804 2080 ut
816 2031 948 2100 pontifices
964 2032 997 2085 de
1006 2033 1140 2105 disciplina
1155 2035 1201 2086 ills
1218 2036 1280 2087 reti·
1320 2059 1327 2067 ·

238 2137 319 2189 quum
338 2114 480 2186 judicarit,
497 2110 547 2162 hoc
565 2107 708 2158 membrum
728 2123 742 2156 a
775 2106 856 2157 nenda
875 2121 900 2158 et
912 2109 1036 2162 firmanda
1046 2110 1172 2164 viderent.
1188 2110 1280 2182 Suspi·
1319 2134 1327 2144 ·

238 2199 357 2270 proximo
374 2195 454 2260 staria
468 2193 611 2254 ὑποστιγμῇ
626 2201 742 2253 separan·
774 2197 846 2236 catus
856 2204 911 2237 sum
922 2189 1045 2243 excidisse
1054 2189 1209 2257 disciplina:
1224 2208 1280 2262 qun
1311 2207 1327 2234 =

238 2276 308 2329 dnm.
319 2275 410 2344 Neque
420 2272 488 2323 enim
500 2285 597 2321 novum
607 2281 742 2335 argumen-
774 2277 858 2315 essent
878 2263 1014 2337 disciplina
1033 2267 1198 2338 haruspicum
1218 2271 1280 2322 reti-
1322 2294 1327 2302 ·

237 2368 293 2406 turn
312 2362 366 2415 est,
387 2362 432 2400 aut
454 2344 571 2398 stimulus
590 2339 741 2417 hortationis
774 2341 856 2393 nenda
871 2343 1059 2416 mandique,
1076 2345 1162 2417 phrasi
1176 2349 1281 2419 antiqua
1299 2370 1327 2392 τ

236 2433 358 2486 differens
373 2427 407 2480 ab
421 2445 468 2489 eo,
483 2443 535 2494 quo
547 2423 601 2494 jam
613 2439 673 2472 usus
688 2432 740 2470 est:
775 2431 801 2469 et
812 2417 894 2482 bona,
906 2438 982 2491 quam
994 2440 1059 2492 saepe
1068 2426 1281 2494 corruperuntli·
1298 2448 1327 2459 ⁴

236 2511 282 2566 sed
295 2509 322 2564 id
338 2511 440 2578 ipsum,
452 2501 522 2576 quod
537 2501 640 2555 brevius
652 2498 743 2569 attige-
774 2496 853 2548 brarii
868 2498 968 2550 inscitia
984 2501 1073 2569 prisca·
1087 2501 1232 2554 latinitatis.
1245 2501 1280 2553 Et

237 2603 293 2655 rat,
303 2587 465 2660 persequitur
472 2582 630 2652 explicatius.
639 2579 741 2641 Gratia,
775 2575 967 2646 intelligendum
969 2576 1071 2641 fimat.
1085 2577 1154 2631 Ean.

237 2663 372 2739 qnsmdiis
380 2662 467 2712 referri
476 2671 569 2722 censet,
577 2657 630 2708 baec
640 2668 742 2718 estune,
808 2657 892 2706 Roma
903 2657 1000 2723 petivit.
1011 2655 1068 2708 MS.
1080 2671 1146 2709 vett.
1160 2657 1220 2710 edd.
1228 2661 1297 2710 110-

226 2738 436 2799 ·moerimoniae‘,
451 2733 527 2784 rebus
542 2734 651 2784 romanis
662 2733 743 2783 multo
776 2751 832 2784 mae.
843 2732 927 2785 Aldus
939 2754 952 2784 e
963 2733 1076 2787 Rhenani
1085 2736 1232 2807 conjectura
1241 2757 1287 2790 re·

183 2832 203 2873 ἐ
223 2815 381 2885 ,pinofihus
392 2814 476 2862 autin
487 2824 558 2861 arcto
570 2809 744 2861 servataedili-
775 2811 845 2878 cepit
867 2811 964 2877 primus
980 2814 1066 2862 Roma
1090 2813 1136 2879 (ut
1154 2830 1198 2877 ra,
1216 2815 1281 2883 14),

133 2886 136 2891 ’
227 2886 517 2967 'gententemporibus
528 2884 644 2937 secundis
657 2904 690 2934 ne
700 2903 744 2935 ns-
776 2904 852 2955 quern
867 2888 1029 2944 ceterirecte
1042 2891 1282 2956 secutisuntAEsut,

240 2968 376 3043 'gligantun
402 2962 571 3031 Intelligimus
591 2964 658 3012 enim
683 2979 745 3031 gra·
777 2960 840 3011 Bud.
858 2963 947 3012 Rome.

239 3052 376 3108 hammon
387 3057 443 3112 quae
451 3037 538 3089 verbis
547 3037 691 3100 baberetur,
700 3050 744 3088 aut
808 3039 919 3090 Italicus.
940 3040 1052 3111 Ryclrius
1073 3065 1086 3097 e
1110 3045 1169 3098 cod.
1189 3049 1281 3118 Agric.

219 3108 223 3128 l
241 3127 297 3178 aliis
310 3119 454 3190 suppliciis,
467 3114 542 3166 sedai
554 3115 703 3177 fierettum,
713 3133 744 3165 ex
777 3116 876 3184 profert
892 3116 1036 3191 probatque
1056 3120 1181 3186 Italicus,
1201 3138 1227 3176 et
1244 3127 1281 3176 sio

243 3222 295 3274 quo
307 3205 453 3269 appareret,
462 3193 488 3243 in
501 3189 550 3243 hoc
560 3210 650 3262 genere
662 3193 747 3244 cultus
777 3192 803 3241 in
820 3194 983 3262 sequentibus
995 3199 1072 3248 etiam
1086 3199 1205 3252 exhibere
1220 3199 1281 3254 MS.

156 3332 160 3345 ,
243 3292 328 3352 gratos
338 3292 389 3327 esse
398 3287 458 3340 erga
467 3266 536 3318 deos.
546 3267 585 3319 Ut
595 3285 625 3332 a,
643 3270 681 3320 13.
695 3269 743 3319 mi·
774 3270 843 3322 Flor.
853 3269 888 3322 Et
901 3274 950 3336 sic,
964 3273 1048 3344 quoad
1058 3279 1200 3345 posteriora
1209 3281 1282 3343 loca,

227 3344 667 3426 .1ioe⁸promittuntGermanicose
678 3365 742 3416 gra·
775 3349 851 3400 etiam
868 3348 906 3401 ed.
926 3370 965 3420 pr.
986 3352 1076 3423 Itaque
1093 3374 1144 3407 non
1161 3356 1281 3412 dubitari

244 3432 306 3487 ciam
325 3431 353 3480 in
373 3427 426 3478 acie
446 3423 578 3474 relaturos.
600 3420 697 3473 Deinde
718 3420 744 3474 nl
765 3429 916 3493 restituere.
927 3429 1011 3500 Vulgo
1027 3431 1119 3484 Italics.
1128 3434 1198 3489 Ean.
1214 3436 1283 3489 Bnd.

242 3509 352 3580 gudam
362 3499 549 3570 accipiendum,
560 3500 631 3567 quasi
641 3497 745 3552 dixisset
779 3505 881 3557 Ytalns.

245 3576 743 3654 eamgratiamrelhancgrutiamflnou.
807 3582 951 3634 Minnio.
965 3582 1007 3636 Cf.
1021 3602 1050 3649 2,
1064 3602 1088 3653 9.

245 3659 358 3715 Freinah.
368 3657 422 3709 scil.
434 3673 448 3705 a
458 3672 489 3704 ne
496 3670 592 3705 novom
601 3652 661 3705 duci
670 3671 745 3725 argu-
807 3659 853 3708 Ex
867 3659 1003 3711 Catumero.
1019 3663 1049 3712 In
1059 3661 1150 3717 Vatia..
1163 3677 1214 3726 est,
1224 3668 1283 3718 Ac-

214 3743 216 3748 '
246 3752 360 3792 mentum
372 3730 655 3805 putabsttquodsecus
665 3746 711 3787 est.
775 3734 1062 3805 temerorstrahone7,
1077 3757 1103 3808 p.
1118 3755 1174 3808 292.
1187 3744 1281 3809 obripi-

279 3817 342 3884 Quoe
359 3812 432 3861 istim
438 3809 513 3880 firm.
525 3807 691 3876 haruspicum.
699 3811 744 3861 ln·
774 3830 845 3877 perper
865 3812 959 3878 ὖγιμὸν
974 3817 1088 3878 Kebros,
1104 3813 1131 3866 id
1146 3828 1184 3868 est
1196 3817 1282 3871 Uom-

246 3893 333 3960 telligo
345 3905 413 3940 sane.
423 3882 476 3937 Sed
487 3903 539 3935 non
553 3882 655 3935 Videtur
667 3883 745 3938 Clau·
776 3905 866 3939 mems-
879 3891 922 3943 vel
931 3889 964 3941 ad
975 3904 1079 3960 etymon
1097 3889 1284 3949 Germanicum

245 3968 302 4022 dius
317 3965 427 4020 voluisse
445 3960 571 4014 delectum
592 3959 658 4026 fieri,
681 3962 744 4034 quid
776 3969 875 4032 verius,
887 3969 1048 4025 Acromerus.
1061 3972 1128 4024 Lras.
1139 3965 1284 4039 Achemene
