2662 4830
224 333 273 426 '40
576 328 905 404 ruurnrunr
1091 278 1216 373 Μ-
1251 302 1254 309 ’

1090 394 1153 437 nc.
1187 420 1193 434 .
1244 378 1252 396 '

223 479 258 535 et
266 460 448 536 exturbato
468 458 670 555 Gannasco,
695 457 761 529 ubi·
779 459 957 557 praesentia
978 457 1057 530 satis
1076 394 1262 559 cominius

223 596 314 672 sunt,
328 576 489 675 legioneS,
499 599 639 672 operum
653 592 686 645 et
696 571 821 644 laboris
829 571 974 673 ignaras,
986 573 1264 672 populationibus

222 689 391 778 letantes,
404 699 550 762 veterem
562 688 605 759 ad
617 713 750 759 morem
758 686 894 759 reduxit
898 713 908 773 ;
916 714 961 760 ne
971 690 1048 786 quis
1059 687 1199 789 agmine
1209 688 1264 761 de·

222 805 372 898 oederet,
392 828 454 874 nec
469 828 640 902 pugnam,
660 800 726 871 nisi
739 801 867 898 jussus,
884 800 995 875 iniret.
1012 801 1201 905 stationes,
1213 800 1265 876 vi-

222 916 331 1018 giliae,
343 917 465 987 diurna
476 932 707 1012 nocturnaque
720 915 854 1009 munia,
870 915 907 984 in
920 913 1023 985 armis
1033 915 1265 1016 agitabantur

222 1030 418 1127 Feruntque
436 1026 623 1126 «militem,
639 1025 719 1126 quia
732 1026 861 1099 vallum
874 1054 945 1099 non
958 1027 1151 1126 eocinctus,
1166 1020 1268 1128 atque

223 1142 351 1238 alium,
368 1141 449 1242 quia
469 1141 620 1242 pugione
643 1156 779 1213 tanturn
799 1140 968 1214 accinctus
988 1140 1139 1231 foderet,
1156 1158 1266 1215 morte

220 1254 374 1355 punitos.
391 1283 409 1321 u
429 1257 517 1355 Quae
529 1253 658 1352 nimia,
676 1269 710 1328 et
727 1253 896 1326 incertum
910 1282 954 1328 an
968 1255 1052 1327 falso
1067 1254 1178 1354 jacta,
1196 1255 1266 1328 ori-

223 1367 341 1468 ginem
356 1383 471 1441 tamen
484 1394 504 1439 e
519 1366 695 1445 seraitae
708 1364 805 1438 ducis
817 1381 947 1440 traxere
960 1393 969 1439 :
984 1367 1226 1468 intentumque
1235 1387 1267 1441 et
1275 1410 1303 1419 --
1320 1408 1323 1410 ·

222 1542 281 1577 nem
292 1526 385 1579 fossam
393 1530 502 1592 etlaeus,
512 1529 556 1598 qui
565 1527 650 1597 plures
658 1538 728 1586 tuno,
760 1525 907 1594 conjectura
919 1526 1031 1579 debebat
1046 1527 1172 1579 aPrioaeo
1188 1527 1267 1597 rejici.

220 1604 251 1657 in
274 1625 353 1656 unum
376 1605 567 1658 meridionalem
584 1606 727 1656 coiverunt.
760 1601 1024 1654 MoxPuteol.munio
1032 1603 1268 1674 etjaetavelauota

221 1681 291 1734 ers.
303 1683 367 1734 Mox
376 1681 464 1734 Guelf.
475 1682 647 1748 deprehensis.
657 1680 726 1730 Ean.
760 1677 855 1740 edidit,
876 1677 947 1747 quod
970 1681 1051 1731 secuti
1069 1693 1129 1731 sunt
1151 1676 1268 1733 Beroald.

221 1759 287 1813 Bud.
300 1761 434 1829 depressis.
760 1756 820 1807 Alc.
832 1755 967 1809 Rhenanus
981 1770 1081 1821 autem,
1092 1757 1194 1822 Aldus,
1207 1759 1269 1827 Lip-

247 1843 357 1908 Opemm
365 1858 391 1895 et
399 1842 492 1893 laboris
501 1830 726 1911 ignarosFarnes.
759 1832 810 1882 sius
828 1830 929 1884 edidere
949 1835 1029 1884 nimia
1045 1847 1071 1886 et
1082 1835 1161 1901 salso
1176 1837 1268 1903 jacta,

220 1918 337 1986 ignavas.
351 1921 418 1970 ers.
438 1917 482 1971 Sic
497 1930 524 1968 et
543 1916 582 1968 ed.
597 1935 636 1986 pr.
650 1912 728 1967 MSS.
761 1908 832 1979 quod
845 1913 931 1963 neseio
947 1931 994 1964 cur
1006 1912 1166 1965 aGronovio
1180 1927 1267 1965 muta-

221 1995 312 2048 Guelf.
325 2011 351 2049 et
366 1999 417 2048 alii.
435 1996 512 2068 Quod
525 1997 622 2065 recepit
634 1993 728 2044 Brote-
761 2001 832 2051 tum,
843 2001 869 2040 et
880 1991 924 2039 vel
934 2004 1010 2042 numa
1019 1989 1135 2043 additum
1146 1993 1188 2044 sit.
1199 1991 1266 2044 Mihi

221 2074 282 2125 rius.
297 2067 471 2142 ignorarent,
489 2091 538 2124 non
556 2068 672 2123 adsuetas
690 2071 728 2120 la·
759 2079 844 2118 autem
850 2069 923 2132 jacta
931 2069 974 2120 vel
983 2069 1177 2140 potiusjactata
1187 2072 1267 2140 magis

222 2149 290 2205 hori.
302 2153 370 2205 Enu.
381 2150 445 2204 Bud.
456 2154 562 2223 ignavas
577 2168 592 2199 a
609 2169 631 2201 1.
646 2167 680 2199 m.
759 2144 857 2213 placet,
869 2164 946 2216 quam
959 2159 1042 2197 macta.
1056 2146 1124 2198 Nam
1138 2145 1167 2196 ei
1179 2165 1269 2216 augere

256 2229 285 2278 V
283 2229 361 2279 alium
372 2247 422 2279 non
435 2229 568 2279 accinctus.
581 2225 662 2277 Aliud
675 2237 726 2285 est,
756 2219 810 2288 jam
820 2222 890 2272 estin
901 2223 981 2272 nimia
989 2242 996 2271 .·
1004 2221 1269 2294 deindesalsoeptum

219 2304 404 2368 addixisset,
412 2304 555 2356 discinctus.
564 2302 730 2354 Nonacrinc·
761 2311 800 2350 est
813 2303 847 2367 τῷ
862 2300 960 2370 jactata
980 2320 1031 2353 non
1051 2306 1084 2370 τῷ
1104 2301 1270 2354 auctmhuic

214 2395 277 2436 tum
292 2383 392 2448 fodere,
410 2398 448 2436 est
462 2385 515 2435 sine
527 2381 611 2452 gladio
623 2380 727 2432 fodere:
762 2378 829 2428 enim
839 2378 934 2430 frustra
942 2377 1060 2442 additur,
1071 2397 1130 2430 cum
1142 2398 1224 2450 perse
1234 2381 1269 2431 in-

220 2457 375 2514 discinotum
387 2461 487 2524 fodere,
503 2472 541 2511 est
554 2458 637 2511 solnta
646 2457 729 2508 fluxa·
761 2456 906 2526 telligatur,
914 2477 961 2509 nee
971 2457 1031 2509 addi
1040 2460 1128 2511 soleat.
1139 2459 1223 2511 Aliud
1233 2472 1271 2510 est

221 2558 272 2612 que
281 2544 366 2594 tunica
376 2543 402 2593 in
413 2559 510 2593 morem
521 2537 680 2591 muliebrem.
689 2537 728 2588 At
760 2533 889 2599 insulsum
899 2548 1005 2604 augere,
1018 2533 1047 2588 h.
1060 2553 1083 2586 e.
1093 2533 1209 2604 augendo
1220 2535 1269 2586 fal-

221 2638 255 2670 ex
266 2619 400 2691 disciplina
412 2633 479 2683 erat,
493 2638 552 2672 cum
565 2617 650 2688 gladio
664 2635 728 2687 opus
761 2630 816 2664 sum
822 2612 926 2676 efficere,
934 2610 1270 2686 aliudfduougere.Porro

115 2762 118 2766 Α
220 2698 312 2749 faeere.
320 2699 442 2768 Vegetius
451 2700 480 2761 3,
492 2703 530 2760 8.,
541 2699 636 2748 Milites
641 2697 729 2767 gladio
761 2691 831 2743 aliud
842 2705 880 2743 est
887 2695 977 2762 jacere
986 2731 993 2755 ,
1002 2690 1071 2744 eliud
1078 2694 1192 2762 jactare.
1201 2692 1270 2744 Illud

221 2772 404 2837 cincrifirssam
415 2775 539 2840 aperiunt.
552 2774 618 2824 ers.
704 2779 706 2783 '
762 2768 1158 2840 dieitur,cumaliquisinterdurn
1163 2768 1269 2837 aliquid,

254 2848 371 2901 Foderst.
380 2847 493 2899 Freinsh.
503 2850 560 2898 vult
568 2848 730 2899 coederutaut
761 2845 861 2910 obiter,
873 2849 1023 2916 suspicionis
1035 2847 1183 2913 movenda,
1197 2867 1266 2918 pun-

213 2925 310 2992 fimet.
324 2927 410 2978 Heius.
423 2927 490 2996 conj.
499 2926 605 2990 feriret
622 2924 690 2989 Sed,
709 2927 731 2976 si
762 2924 851 2995 gandi,
864 2925 988 2978 irridendi
1001 2945 1101 2991 caussa,
1112 2926 1196 2989 dicit,
1208 2926 1269 2979 vide

222 3005 320 3055 vallum
328 3023 376 3074 pro
385 3022 475 3073 aggere
485 3006 729 3071 castrorumacoipi-
763 3017 879 3056 nostrum
891 3007 926 3055 A.
944 3025 971 3068 1,
987 3025 1025 3057 ro.
1039 3023 1067 3070 2,
1086 3007 1124 3058 55.
1135 3007 1166 3073 4,
1182 3025 1206 3074 7.
1225 3009 1267 3060 68.

221 3068 299 3143 nius,
309 3082 353 3151 qui
364 3100 378 3130 e
388 3094 456 3130 terra
467 3091 492 3129 et
505 3080 601 3148 cespite
609 3079 653 3141 fit,
664 3078 729 3130 nihil
760 3082 790 3143 6,
804 3082 843 3132 31.
857 3084 896 3150 46.
910 3089 953 3146 ir,
968 3085 1007 3135 13.
1021 3101 1065 3147 ra,
1077 3084 1118 3150 64.
1130 3095 1180 3135 etc.
1190 3082 1267 3136 Adde

222 3155 346 3226 impedit,
360 3175 412 3228 quo
425 3156 508 3206 minus
512 3152 621 3220 foderet
630 3167 729 3208 rectum
761 3177 816 3230 quae
823 3158 855 3212 de
864 3159 889 3213 h.
901 3182 927 3214 v.
939 3163 989 3213 viri
997 3161 1108 3214 doctiad
1116 3163 1219 3214 Livium
1227 3162 1267 3226 25,

222 3235 266 3286 sit.
279 3233 348 3284 Ean.
760 3239 784 3306 4
798 3252 824 3291 ot
841 3239 902 3292 alibi
918 3240 1053 3293 dixerunt:
1071 3241 1133 3304 hoc,
1147 3243 1211 3293 cum‘
1222 3259 1268 3311 pa-

226 3381 228 3385 y
257 3315 319 3382 Quoe
333 3313 412 3363 nimia
428 3322 455 3361 et
471 3310 592 3360 mmm
608 3310 729 3378 ΗΜΘ
760 3320 828 3383 lam,
848 3319 956 3382 crebro,
973 3319 1041 3390 apud
1061 3338 1163 3371 omnes:
1176 3323 1202 3371 in
1212 3311 1270 3390 pri-

215 3396 302 3467 jacta.
317 3391 366 3445 Ed.
377 3411 416 3462 pr.
429 3389 579 3461 waimis
594 3390 612 3441 ι’.
628 3409 651 3441 e.
668 3390 728 3455 rufi
760 3397 858 3466 misque
873 3398 976 3466 jactari
994 3395 1114 3448 dicuntur
1137 3402 1270 3468 reusque

221 3485 294 3534 acta,
304 3471 396 3522 vitiose
406 3466 609 3538 sive'phjacta‚
619 3468 672 3519 sive
679 3486 727 3537 pro
759 3471 827 3523 fama
838 3472 1006 3524 celebrantur.
1019 3472 1070 3524 Pro
1077 3472 1192 3543 jactante
1204 3490 1219 3522 a
1234 3473 1270 3525 li-

222 3561 299 3598 aucta
309 3569 318 3608 ,-
328 3545 372 3597 sed
383 3544 448 3597 illud
456 3545 542 3615 potius
551 3543 642 3606 credo,
652 3557 728 3615 atque
759 3546 851 3601 brariis
866 3548 973 3601 subinde
983 3551 1108 3615 seriptum
1116 3552 1205 3622 jactus
1222 3549 1271 3601 do-

49 3632 53 3637 “
78 3652 84 3703 2
98 3652 108 3709 ἑ
187 3676 188 3680 ,
222 3619 288 3675 hano
301 3641 355 3674 esse
373 3623 508 3674 lectionem
519 3620 577 3673 eod.
590 3622 659 3673 Flos.
672 3635 728 3674 tes·
760 3626 829 3678 cehit
841 3625 971 3678 Drakenb.
981 3625 1013 3678 ad
1025 3627 1081 3677 Liv.
1094 3627 1192 3694 ro‚37.
1206 3628 1270 3678 item

221 3710 293 3751 tatur
313 3697 431 3751 Pichena.
450 3696 495 3750 sie
517 3712 542 3749 et
562 3710 600 3750 est
621 3699 648 3749 in
669 3697 729 3750 MS·
761 3719 833 3757 aetus
844 3724 894 3775 pro
905 3708 992 3776 jactus
1009 3723 1050 3774 ap.
1068 3703 1178 3771 Quintil.
1194 3722 1227 3774 9,
1246 3721 1270 3757 a.

78 3772 152 3839 Ἀφ’,
223 3771 310 3827 Guelf.
329 3775 378 3827 nisi
396 3773 465 3845 quod
486 3787 568 3826 actam
580 3775 682 3844 scripsit
692 3776 729 3826 li·
762 3783 1271 3851 37,1,iv,25‚4‚220,ssu‚prissaemd

78 3864 97 3931 [ζ
110 3854 163 3925 :43⁸5
223 3851 332 3916 hrarius,
341 3851 501 3920 adonginem
509 3864 602 3902 temere
609 3852 728 3907 referens.
762 3861 862 3931 Appul,
873 3860 937 3912 Mer.
956 3879 977 3910 1,
996 3878 1023 3927 p,
1037 3877 1060 3927 7,
1073 3864 1106 3928 τῷ
1117 3859 1197 3910 nimia
1207 3859 1270 3913 suh.

87 3980 96 3999 ,
103 3956 110 4007 Ι·
118 3952 127 4003 ζ
135 3932 153 3979 l·
162 3942 175 3973 '-
225 3930 286 3984 Non
295 3933 374 4001 igitur
384 3929 517 3981 Rhenanus
526 3928 629 3981 demum
639 3932 675 3982 sio
685 3931 731 3984 de·
761 3938 885 3991 minuebat
900 3939 1033 3989 immania,

84 4020 123 4081 '53
200 4007 265 4087 'dit
272 4049 281 4076 ,
294 4025 323 4065 ut
339 4011 396 4064 vult
413 4008 503 4063 videri.
518 4009 574 4062 Neo
591 4010 670 4062 nimia
681 4031 730 4084 pro
795 4015 873 4067 Falso
882 4016 965 4084 jacta.
980 4005 1267 4087 Veneteditio'jcrceo,
