2662 4830
237 309 263 381 6
601 302 922 377 ANNALIUM
1104 302 1223 349 ΗΜ·

1104 372 1129 410 a.
1140 373 1209 422 cr.

236 434 393 538 prorupit
414 458 508 522 reus,
530 453 581 521 et,
603 432 822 535 «interroga,
840 465 858 504 n
882 433 1014 533 inquit,
1035 463 1054 504 rr
1066 436 1172 537 Suili,
1188 388 1280 513 ⁷filios

236 571 313 624 tuos
330 578 339 624 :
354 550 469 624 virum
483 575 538 620 me
553 573 623 620 esse
638 549 835 621 fatebuntur
850 573 859 621 :
876 576 894 616 n
911 548 1150 650 ingressusque
1161 554 1278 628 defen.

234 665 384 760 sionem,
407 679 579 735 commoto
599 659 765 758 majorem
781 660 817 733 in
840 661 983 735 modum
1004 663 1167 764 Claudio,
1186 668 1280 740 Mes·

233 780 364 853 sallinae
378 801 515 877 quoque
527 772 682 847 lacrimas
694 772 827 848 excivit.
836 773 972 874 Quibus
985 777 1164 852 abluendis
1175 778 1279 852 euhi-

235 896 313 967 culo
324 890 517 994 egrediens,
534 907 649 961 monet
660 887 859 977 Vitellium,
873 917 916 962 ne
927 890 1017 962 elabi
1029 888 1127 965 reum
1139 893 1276 967 sineret.

233 1010 312 1107 Ipsa
333 1006 376 1077 ad
397 1003 584 1104 perniciem
603 1005 761 1101 Poppaeae
777 1003 930 1101 festinat,
948 1004 1111 1096 subditis,
1129 1007 1192 1106 qui
1210 1022 1280 1083 terb

234 1147 312 1195 rore
322 1118 463 1193 carceris
475 1118 518 1190 ad
531 1115 756 1191 voluntariam
769 1137 914 1190 mortem
928 1121 1156 1218 propellerent
1163 1149 1173 1209 5
1189 1121 1277 1194 adeo

204 1304 212 1311 .
233 1233 356 1335 ignaro
372 1232 523 1327 Caesare,
543 1250 600 1328 ut,
626 1256 751 1329 pancos
767 1249 844 1328 post
859 1230 949 1329 dies,
969 1233 1164 1331 epulantem
1181 1232 1278 1333 apud

200 1376 204 1383 ’
234 1373 272 1421 se
284 1347 446 1420 maritum
457 1346 549 1444 ejus,
566 1343 779 1443 Scipionem,
796 1363 1087 1442 percunctaretur,
1102 1375 1120 1418 a
1130 1375 1192 1421 cur
1203 1348 1280 1421 sine

264 1562 284 1601 3.
297 1558 380 1602 Mirum
391 1572 428 1601 me
439 1569 499 1601 esse.
513 1554 597 1601 Rectius
608 1555 658 1600 cod.
668 1558 717 1612 Agr.
728 1565 779 1596 esse
790 1567 827 1596 rne
838 1554 910 1612 paullo
920 1567 982 1611 ante,
996 1562 1020 1603 r'n
1032 1557 1223 1617 omstagtrom
1236 1559 1278 1603 ob·

233 1631 335 1678 strictos,
352 1630 412 1688 legit.
428 1630 542 1674 Rhenanus
553 1642 595 1687 pro
607 1629 667 1671 omni
669 1625 774 1681 flagitio.
787 1627 861 1672 Scribe
870 1632 894 1671 in
907 1622 1077 1688 omntastagitr'i
1086 1633 1210 1678 obstrictos.
1221 1631 1279 1677 vide

233 1702 264 1747 «t
275 1721 297 1757 ι,
311 1708 345 1757 4ο.
355 1703 390 1748 sio
398 1702 455 1746 infra
463 1701 547 1761 Lipsius
556 1716 575 1744 o.
587 1705 606 1745 5.
617 1710 697 1744 cuncta
708 1701 783 1756 legum
791 1710 813 1744 et
822 1705 993 1759 magistratuum
1000 1709 1023 1749 in
1033 1720 1058 1751 se
1067 1707 1159 1751 trabem
1163 1708 1279 1762 pn'rrcepsa

232 1868 313 1922 Recte
322 1889 328 1919 z
338 1883 369 1921 ut
378 1871 524 1941 prorupisse
539 1869 571 1921 ad
582 1867 740 1939 loquendum
772 1888 804 1920 ex
817 1870 893 1922 codd.
906 1872 989 1924 virum
1005 1893 1058 1926 esse
1067 1893 1116 1927 me.
1128 1875 1181 1927 Ast
1195 1894 1223 1924 v.
1237 1891 1280 1924 me

232 1945 419 2015 intelligamus,
431 1949 479 1999 etsi
489 1949 618 1998 silentium
629 1944 741 2014 antejus·
771 1967 825 1999 esse
834 1949 897 2002 Bud,
908 1953 993 2004 etalii.

232 2039 299 2075 sum.
310 2025 377 2075 ers.
388 2025 455 2094 Quia
465 2023 539 2076 codd.
551 2024 663 2092 optimos
676 2037 740 2071 auc·
797 2029 857 2078 Sine
863 2029 1279 2093 uroredr'scnbur'sretlliscisbinc,

231 2112 303 2153 tores
314 2101 391 2154 hahet
401 2102 429 2153 ‘ri
441 2107 522 2164 victo,
538 2101 600 2172 qnid
612 2117 739 2150 moramur
772 2121 862 2155 uxores
870 2107 948 2175 vulgo
960 2106 1075 2158 adhiberi
1084 2105 1211 2159 solitasad
1219 2124 1279 2159 con·

231 2181 355 2244 alterum,
371 2182 441 2251 quod
457 2195 596 2250 utcumque
611 2177 739 2240 versahis,
771 2181 850 2231 vivia.
868 2180 939 2234 AEm.
950 2183 1049 2255 Probus
1066 2186 1092 2235 in
1111 2183 1183 2254 praef.
1198 2185 1277 2251 Quem

230 2257 296 2310 nihil
306 2277 338 2309 ex
348 2261 440 2311 sosani
450 2256 603 2328 exsculpes?
614 2256 669 2308 Neo
679 2256 737 2324 pla·
771 2257 837 2306 enim
847 2259 1020 2310 Romanorum
1027 2260 1218 2326 pudetuxorem
1226 2259 1277 2309 dn·

229 2351 387 2402 certamen,
403 2339 474 2410 quod
494 2337 632 2390 Salinerius
649 2349 674 2387 et
689 2335 739 2385 Pi·
770 2353 827 2387 cere
840 2339 867 2388 in
877 2338 1039 2390 convivium?
1050 2341 1086 2393 Et
1096 2341 1159 2391 olim
1170 2339 1277 2411 quidem

230 2413 312 2466 chene
322 2417 446 2480 scribunt,
455 2417 598 2468 Asiaticum
605 2414 696 2464 vicisse
706 2412 739 2464 st·
769 2412 923 2468 cubantibus
939 2419 1001 2469 viris
1019 2413 1104 2469 sedere
1119 2417 1211 2479 solitae,
1225 2417 1234 2485 (
1247 2429 1278 2468 ut

230 2495 346 2547 lentirrm.
360 2495 412 2566 Qui
423 2497 492 2547 enim
501 2495 679 2562 ἂποκαρτιροῖ,
690 2510 737 2543 nec
768 2489 873 2544 Servius
892 2512 924 2544 ex
935 2493 1048 2544 Varrone
1066 2507 1140 2546 notat
1157 2492 1189 2544 ad
1201 2493 1275 2564 Virg.

229 2591 258 2625 se
268 2577 382 2626 continet
394 2575 503 2638 diutius,
514 2578 536 2627 is
545 2576 672 2635 vincitur,
685 2591 736 2623 non
769 2587 799 2637 7,
817 2573 886 2638 176„
899 2570 1029 2637 Perpetuis
1040 2571 1111 2622 soliti
1118 2585 1206 2636 patres
1215 2588 1277 2622 con-

228 2652 321 2701 vincit.
333 2653 423 2720 ltaque
433 2653 561 2702 silentium
574 2651 628 2720 ejus
636 2651 735 2701 rictum
767 2647 850 2700 sidere
861 2650 959 2701 mensis.
968 2648 1095 2702 EtValer.
1104 2649 1174 2701 Max.
1185 2666 1210 2713 a,
1222 2669 1243 2712 1,
1251 2667 1276 2702 a.

211 2755 214 2759 ·
229 2740 270 2778 est
288 2727 320 2778 ab
335 2727 495 2794 impudentia
512 2728 595 2780 Snilii.
616 2730 691 2779 Victo
701 2731 737 2779 si·
769 2728 809 2779 De
822 2731 931 2780 matrim.
943 2730 1011 2780 ritu:
1025 2729 1035 2795 )
1048 2743 1136 2797 postea
1147 2731 1226 2780 etiarn
1233 2748 1278 2782 ac·

228 2804 308 2854 lentio
319 2819 357 2855 est
366 2806 437 2855 ricta
447 2807 578 2873 patientia.
588 2805 679 2856 Grion.
687 2807 736 2858 Ed.
770 2805 898 2856 cumbere.
910 2807 940 2855 ln
951 2803 1070 2855 accubitu
1080 2807 1123 2857 illo
1133 2823 1197 2869 mos,
1204 2819 1277 2858 utre·

228 2896 271 2949 pr.
285 2880 355 2931 inito.
366 2881 409 2930 An
414 2879 488 2944 finito
495 2879 563 2931 fuit?
573 2879 739 2931 Confundun·
769 2882 920 2933 cumberent
929 2883 955 2932 in
966 2882 1236 2938 sinnvimrumOvid.
1244 2883 1276 2936 ad

227 2970 273 3010 tur
283 2960 350 3008 enim
360 2960 386 3008 in
397 2957 470 3009 libris
477 2959 543 3009 inire
553 2971 578 3008 et
585 2958 736 3025 finiamvid.
770 2961 896 3029 puellam,
916 2979 972 3031 quar
991 2980 1049 3012 cum
1071 2965 1129 3015 viro
1148 2976 1276 3015 caenatum

227 3035 408 3088 Drakenbad
419 3036 736 3104 Liv.35‚7.44,34.st·-
770 3037 831 3087 Am.
854 3054 886 3097 1,
909 3038 938 3103 4,
957 3038 996 3099 5.,
1013 3039 1177 3107 Alteriusque
1206 3041 1276 3090 nmis

227 3116 270 3165 nis
282 3115 377 3166 silentii
386 3128 424 3167 est
434 3134 475 3185 ap.
486 3114 541 3167 Cic.
553 3116 634 3167 Mare.
652 3134 674 3168 r.
685 3114 737 3167 Sed
769 3125 828 3179 apte
844 3115 1083 3184 subjectafhvebr's?
1094 3119 1198 3188 Injr'cr'et
1207 3119 1275 3168 collo

226 3193 298 3260 uicto
314 3192 414 3254 melius,
427 3211 457 3244 eo
468 3210 542 3244 sensu
549 3210 622 3262 ‚quo
632 3191 737 3244 Grono-
769 3210 823 3244 cum
845 3195 915 3244 volet
931 3195 975 3245 itte
991 3196 1276 3269 monumPIterumque

133 3300 135 3308 ι
227 3270 735 3341 viusvult.Ealectiopraetercod.Flor.
768 3269 1222 3342 v.35.‚Necprematindignissinito
1231 3289 1275 3327 tua

221 3340 350 3403 'etheli
363 3365 400 3402 est
409 3352 435 3401 in
446 3348 486 3401 ed.
497 3349 598 3400 Puteol.
612 3349 735 3402 BenAlc.
768 3348 836 3400 colla
844 3349 954 3412 lacertis,
965 3353 1027 3403 Mite
1034 3370 1081 3403 nec
1090 3354 1118 3403 in
1127 3352 1276 3421 rr'gr'dopec-

226 3426 310 3479 Rhen.
321 3428 383 3480 Ald.
397 3427 511 3491 Indicto,
527 3426 598 3497 quod
614 3429 639 3477 in
651 3445 698 3478 scr.
710 3440 735 3478 et
767 3439 820 3478 tom
834 3443 995 3493 ponecaput.
1012 3426 1063 3481 sed
1075 3441 1100 3479 et
1111 3431 1197 3481 amicae
1209 3448 1274 3499 pue-

226 3502 286 3554 edd.
297 3503 449 3574 quibusdam
459 3505 597 3574 reperitur,
608 3503 680 3553 nihili
688 3516 733 3555 est.
767 3507 839 3575 rique
857 3508 981 3558 meritorii
999 3525 1050 3559 non
1062 3509 1136 3559 aliter
1152 3509 1274 3576 jacebant

225 3579 297 3634 Eun.
310 3581 374 3635 Bud.
393 3596 418 3633 et
436 3584 545 3635 Conarr.
560 3583 638 3634 uicto.
652 3581 696 3634 Sic
707 3595 734 3635 et
767 3585 834 3656 apud
842 3600 974 3638 amatores.
987 3586 1018 3639 Id
1028 3586 1156 3639 vocabant
1167 3590 1274 3640 interio-

225 3659 258 3728 4,
271 3664 295 3713 8.
306 3663 374 3712 victo
382 3664 484 3730 gentitis.
765 3682 818 3716 rem
823 3664 916 3734 jacere.
927 3662 1016 3734 Scipio
1024 3666 1049 3715 in
1059 3664 1132 3716 Orat.
1143 3663 1201 3716 adv.
1210 3663 1274 3717 Gal·

260 3741 340 3792 Ft'ttos
346 3753 401 3791 tuos
411 3754 456 3793 etc.
468 3740 541 3811 Quos
549 3739 659 3807 indicat,
671 3742 735 3793 mol·
765 3743 819 3795 lum
834 3761 874 3812 ap.
885 3742 954 3795 Gell.
972 3761 995 3812 7,
1009 3760 1062 3806 rm,
1077 3745 1127 3812 Qui
1139 3745 1165 3794 in
1183 3747 1272 3795 conri-

224 3818 282 3872 litie
289 3821 394 3872 infames
404 3839 464 3871 esse.
478 3822 530 3872 Vir
540 3823 678 3891 opponitur
684 3840 734 3888 pa·
765 3821 810 3871 viis
819 3819 1019 3872 adolescentulus
1025 3838 1080 3870 cum
1088 3835 1210 3884 amatore,
1216 3839 1272 3872 cum

224 3895 307 3958 thiris,
313 3897 427 3948 cinoedis.
435 3894 479 3948 Sic
489 3915 530 3966 ap.
541 3895 731 3968 Sueton.Vesp.
765 3897 891 3949 chiridota
902 3897 988 3948 tunica
997 3898 1172 3966 interior(etsi
1182 3899 1270 3967 Agelli

226 3973 266 4026 13.
280 3991 325 4044 ego
342 3986 427 4025 tarnen
443 3973 487 4025 vir
501 3991 564 4025 snm.
580 3974 648 4027 Ean.
662 3974 732 4029 Brot·
764 3975 791 4043 iu
800 3974 873 4029 libris
883 3975 908 4025 in
904 3973 1124 4044 sen'orscriptum
1133 3993 1138 4024 :
1148 3993 1199 4027 non
1206 3976 1270 4027 item
