2662 4830
274 368 314 416 ra
631 340 939 416 ANNALIUM
1131 343 1250 385 ΗΜ·

1130 411 1155 447 s.
1165 410 1190 448 c.
1199 411 1234 463 it-

268 501 322 547 nae
337 474 460 574 quietis
486 473 612 574 species
628 500 647 544 t>
664 473 760 579 alteri
775 474 926 572 objecta,
949 505 967 546 a
981 490 1144 574 tanquam
1164 476 1308 550 vidisset

267 590 451 663 Claudium
466 589 576 688 spicea
591 615 714 660 corona
730 588 920 684 evinctum,
938 589 1038 688 spicis
1052 607 1143 662 retro
1157 616 1306 663 conver-

268 702 337 777 sis:
353 730 458 804 eaque
474 701 620 802 imagine
636 701 837 802 gravitatem
849 727 992 773 annonae
1008 701 1185 776 dixisset.»
1209 701 1305 801 Qui-

294 867 316 909 6.
329 865 410 924 anue
419 867 518 920 imagine
527 866 662 920 gravitatem
675 873 769 904 marono
783 861 876 904 &nisset
885 861 977 917 quidam
984 866 1137 919 pampineam.
1147 871 1219 920 Lego,
1228 865 1305 920 gram-

267 945 338 980 tatem
352 950 444 980 orrnorur
458 936 597 990 praedixisse.
615 935 670 977 Etsi
686 932 777 988 quidam
792 940 834 975 etc.
849 938 905 976 Tum
921 934 994 990 paullo
1010 944 1059 979 ente
1069 952 1076 979 r
1088 939 1183 979 deorum
1194 944 1304 978 nactum

267 1011 347 1064 quietis
356 1010 429 1064 specie
439 1009 506 1051 alteri
517 1008 616 1060 objecta,
626 1020 672 1050 non
680 1013 802 1048 venonam
812 1008 904 1058 species.
913 1006 950 1052 ltei
957 1021 1038 1051 nornen
1046 1009 1304 1065 frequentercorruptum

267 1087 300 1122 est
310 1079 366 1138 apud
376 1088 488 1136 nostram
500 1088 524 1122 ut
533 1079 606 1138 paullo
617 1086 674 1122 unte.

266 1209 367 1259 rentur,
391 1197 468 1268 idque
491 1200 637 1250 institutum
655 1196 688 1247 ab
707 1195 767 1245 Au·
799 1211 835 1244 rr.
850 1211 933 1245 mmo.
947 1210 1009 1250 auo.
1023 1197 1303 1251 manumittens

266 1287 350 1344 gusto,
357 1274 471 1347 dictique
480 1279 555 1329 etiam
563 1279 656 1342 equites
666 1274 768 1326 laticla-
800 1291 876 1342 ergo,
889 1289 920 1323 an
934 1274 1050 1346 Poppaea
1061 1278 1139 1328 etiam
1151 1275 1303 1328 adulterium

266 1351 307 1404 rii.
317 1350 383 1403 Vide
392 1353 418 1402 in
428 1372 468 1422 pr.
480 1354 605 1423 Ryckium
615 1352 647 1404 ad
658 1353 727 1403 Ann.
737 1366 766 1414 2,
801 1351 929 1421 objectum
936 1352 1025 1406 dilecti
1034 1353 1108 1423 hujus
1118 1357 1190 1406 mimi
1201 1374 1207 1404 :
1218 1357 1244 1405 in
1252 1372 1303 1424 qno

266 1431 308 1498 59.
320 1431 364 1501 qui
377 1443 459 1483 tamen
470 1433 536 1484 Livii
548 1434 647 1503 equites
656 1431 768 1482 illustres
801 1444 826 1481 et
837 1431 981 1484 Messallina
989 1432 1107 1506 deperiit.
1119 1435 1242 1487 Ceterum
1251 1432 1303 1484 haec

266 1509 332 1559 male
344 1506 394 1559 huc
404 1508 482 1560 trahit
491 1527 549 1560 cum
557 1508 675 1560 Piehena.
683 1507 751 1559 Eas.
800 1508 911 1580 Poppaea
920 1511 963 1562 illa
977 1526 1028 1577 est,
1040 1533 1113 1585 qnae,
1125 1526 1231 1566 cunctas
1243 1525 1304 1563 teta-

300 1584 673 1656 QnibusPetracognomenmm.
680 1585 704 1634 Α
712 1584 770 1652 qui·
800 1591 834 1641 tis
844 1608 893 1640 suae
903 1591 1008 1643 feminas
1017 1591 1207 1663 pulchritudine
1218 1609 1305 1660 super·

266 1662 315 1714 hus
334 1664 373 1714 ala
386 1664 502 1727 Petrina,
515 1666 622 1735 opinor,
640 1664 769 1714 nominata
800 1686 898 1736 gressa,
915 1671 1023 1738 gloriam
1034 1672 1137 1742 reliquit
1153 1671 1228 1732 filia,
1248 1687 1304 1740 quae

266 1738 391 1808 Η·4,49-
401 1741 513 1811 itemque
521 1743 547 1791 iu
558 1740 659 1792 Notitia
668 1740 768 1808 imperii
801 1758 913 1796 scortum
930 1748 983 1798 sive
1008 1766 1073 1798 uxor
1091 1747 1197 1799 Neroni.
1217 1746 1303 1814 Quam

267 1835 291 1869 c.
306 1821 348 1886 89
357 1821 425 1870 Ltrs.
436 1819 478 1871 lbi
492 1820 615 1870 Petriana
629 1831 743 1870 vocatur·
801 1826 887 1894 genuit
908 1843 940 1875 ex
956 1826 1042 1894 priore
1061 1828 1153 1877 marito
1172 1826 1205 1877 T.
1224 1824 1303 1876 Ollio.

299 1896 339 1946 At
347 1913 437 1945 cansa
446 1896 515 1946 necis
527 1915 559 1946 ex
569 1914 608 1947 eo.
623 1896 692 1947 Flor.
708 1893 765 1946 cod.
800 1903 867 1951 ers.
878 1899 1026 1951 Rhenanam
1040 1915 1140 1954 secutus
1154 1915 1207 1963 est,
1219 1914 1249 1952 nt
1263 1918 1303 1951 so-

267 1991 306 2025 ne.
322 1974 383 2025 Non
397 1993 455 2025 sane
470 1977 529 2026 satis
545 1988 634 2044 aptum
653 1973 678 2025 h.
693 1976 711 2025 l.
728 1986 769 2036 at,
800 1977 850 2039 let,
862 1975 1020 2047 AldusEgo
1028 1991 1141 2029 veterem
1152 1978 1305 2039 lectionem.

267 2053 338 2124 quod
347 2053 440 2117 deleri,
453 2067 496 2104 aut
507 2073 555 2123 pro
566 2072 596 2104 eo
606 2066 631 2104 et
640 2055 690 2124 legi
700 2055 770 2104 vole·
802 2071 858 2122 qnae
865 2055 941 2103 etiam
947 2053 1045 2122 Ryokio
1053 2053 1179 2124 placebat,
1188 2054 1305 2105 restitui:

266 2129 314 2181 hat
326 2129 459 2181 Acidalius
470 2149 475 2179 :
486 2149 532 2181 nec
541 2131 621 2199 magis
633 2148 664 2180 ac
676 2132 769 2199 placet.
802 2142 890 2198 estque
901 2131 927 2180 in
941 2128 1028 2183 Gueli.
1040 2132 1079 2182 De
1090 2131 1185 2183 Valerii
1196 2143 1221 2181 et
1231 2129 1305 2198 Pop-

256 2207 383 2263 ⁴Fortasse
395 2207 499 2257 Tacitus
510 2208 612 2271 scripsit
625 2207 727 2273 :quilius
735 2208 769 2255 P.
802 2226 861 2274 paeae
885 2207 1010 2259 adulterio
1031 2211 1137 2278 quaestio
1157 2221 1228 2271 erat,
1253 2227 1305 2258 uon

266 2294 470 2352 cognomentum,
494 2284 537 2334 vel
555 2299 690 2352 cognomen
715 2282 770 2350 (ut
802 2283 946 2335 Mnesteris.
973 2286 998 2336 ls
1018 2304 1065 2336 neo
1085 2299 1233 2348 aecusatus,
1258 2302 1307 2335 nec

266 2361 345 2413 hahet
354 2361 394 2413 ed.
401 2363 458 2431 pr.)
472 2375 537 2414 erat.
549 2363 642 2412 Caussa
651 2374 698 2413 etc.
709 2362 771 2412 Ter·
802 2360 935 2412 damnatus
944 2375 1000 2413 tum
1015 2376 1069 2414 erat
1080 2383 1087 2429 3
1102 2361 1174 2433 quod
1187 2379 1304 2413 necessa-

267 2443 373 2493 minatio
386 2441 458 2494 verbi
470 2459 606 2510 cognomen
621 2443 706 2510 potuit
724 2440 770 2493 ab·
801 2442 867 2493 rium
878 2442 957 2504 foret,
969 2442 990 2492 si
1000 2440 1041 2492 hic
1053 2460 1144 2492 nomen
1155 2442 1209 2511 ejus
1218 2443 1305 2492 locum

266 2519 370 2572 sorbere
384 2520 493 2589 primam
508 2519 630 2590 syllabam
647 2519 689 2568 sot
706 2529 768 2569 erat.
801 2517 915 2569 haberet.
924 2517 993 2568 Ena.
1003 2516 1067 2569 Brid.
1078 2519 1209 2568 mnesteris
1218 2516 1306 2579 hahet,

266 2595 359 2666 Neque
377 2614 477 2666 semper
496 2595 604 2651 verbum
628 2595 768 2649 substanti·
801 2595 991 2647 velinnesteris
999 2612 1049 2645 non
1056 2595 1215 2655 nestoris,nt
1222 2593 1303 2645 Rhen.

169 2690 174 2697 ·
267 2675 657 2738 vumomittitTacitus.Ann.5,
670 2694 770 2744 r.‚quo-
802 2674 888 2726 refert.
909 2676 939 2726 ln
959 2691 1037 2742 marg.
1065 2675 1189 2725 recentior
1216 2690 1306 2724 manus

267 2771 322 2802 rum
339 2754 435 2820 utrique
448 2766 635 2820 cognomentum
652 2757 771 2806 Geminus
805 2753 914 2802 Valerii.

267 2840 331 2878 erat.
343 2827 441 2878 Deinde
450 2828 535 2880 delevi
544 2848 577 2879 ex
587 2847 630 2892 eo,
641 2832 710 2899 quod
720 2851 771 2883 non
834 2832 924 2894 Spicea
934 2841 1028 2879 corona
1037 2831 1168 2882 evinctum.
1178 2830 1244 2899 Quae
1251 2830 1305 2882 Ce-

268 2919 307 2956 est
315 2909 341 2956 iu
349 2904 435 2957 Guelf.
447 2905 486 2956 ed.
496 2907 636 2970 Puteolani,
646 2909 769 2973 Beroaldi‚
796 2906 865 2956 'reris
885 2907 1000 2974 propria,
1018 2917 1044 2956 et
1061 2907 1221 2958 sacerdotum
1240 2909 1305 2961 item

268 2983 374 3045 Aloiati,
384 2981 496 3034 Rhenani
504 3021 511 3046 ,
520 2983 583 3035 Aldi
594 2996 644 3036 etc.
655 3004 700 3036 neo
711 2987 772 3036 satis
803 2981 942 3043 arvaliuffl,
960 2993 989 3031 ut
1007 2979 1105 3034 Plinius
1121 2996 1194 3034 notat
1212 2985 1259 3046 18,
1280 2999 1305 3034 a.

268 3060 374 3131 dignum
385 3061 483 3113 Tacito,
497 3062 565 3113 Em«.
575 3061 638 3113 Bud.
651 3062 737 3115 habet,
804 3056 906 3128 Corona
916 3075 961 3120 ea,
976 3059 1036 3109 alias
1052 3077 1103 3110 non
1114 3061 1215 3132 infelir,
1230 3078 1305 3111 omen

298 3141 433 3193 Mnesteris
452 3152 478 3192 et
494 3144 617 3209 Poppaeoe
633 3144 772 3210 eongoesst‘-
803 3136 876 3187 triste
884 3134 1068 3206 habuit‚quod
1074 3140 1151 3207 spicis
1161 3151 1226 3190 esset
1235 3151 1307 3191 retro

267 3221 319 3273 bas,
331 3214 599 3274 Veterumeditionum
610 3221 702 3285 lectio,
717 3224 773 3272 Va.
804 3217 931 3268 conversis
943 3236 949 3266 ε
961 3219 1026 3268 sicut
1042 3218 1110 3287 quod
1124 3231 1182 3268 ante
1192 3237 1305 3288 pugnam

268 3298 327 3349 lerii
340 3310 365 3348 et
380 3301 519 3364 Poppoeoe,
536 3312 595 3368 apta
606 3315 663 3349 sane
679 3298 711 3349 ad
720 3298 773 3351 his-
803 3295 829 3346 in
840 3294 983 3366 Philippis,
999 3314 1092 3348 corona
1103 3299 1200 3349 inversa
1218 3298 1308 3350 Cassio

268 3377 373 3438 toriam,
384 3377 444 3446 quia
453 3375 554 3427 Valerio
564 3376 678 3427 Asiatico
686 3376 772 3445 objec-
803 3376 930 3446 imposita.
949 3369 1021 3427 Lars.
1035 3375 1076 3427 cf.
1093 3376 1161 3429 Plut.
1177 3379 1204 3429 in
1225 3378 1307 3431 Bruto

268 3469 326 3508 tum
336 3455 489 3508 adulterium
504 3454 620 3524 Poppaea
636 3475 642 3505 ε
659 3469 685 3507 et
702 3455 769 3506 forte
804 3476 827 3508 c.
849 3456 897 3518 56,
911 3474 938 3525 p.
954 3473 1024 3507 1002.

269 3536 398 3606 eqtritihus
413 3537 482 3598 istis,
495 3532 564 3606 quod
578 3535 728 3604 interpretes
744 3547 771 3587 et
835 3534 1307 3586 Gravitatemnnnonoedixisset.Frus-

269 3616 419 3667 administri.
431 3614 502 3666 Lihri
511 3627 595 3665 tamen
603 3616 693 3683 scripti
700 3616 771 3665 Nes·
802 3610 1018 3675 trapmedixisset,
1025 3611 1066 3662 vel
1075 3609 1216 3680 significari
1223 3612 1308 3662 dixis-

207 3722 209 3728 .
268 3695 347 3756 teris,
365 3705 408 3742 aut
426 3693 549 3743 Nestoris.
565 3692 606 3743 Ex
623 3711 675 3762 quo
690 3692 770 3743 Rhen.
804 3690 986 3753 setRhenanus,
993 3692 1172 3757 etproedmisse
1178 3691 1308 3744 Heinsius.

269 3772 308 3821 M.
319 3770 451 3831 Nestoris,
465 3788 512 3820 nec
523 3783 600 3822 recte.
615 3768 771 3820 Germanum
804 3771 871 3823 Nam
885 3783 910 3821 et
925 3769 1009 3821 dicere
1024 3771 1128 3839 ponitur
1148 3789 1195 3839 pro
1209 3770 1310 3838 praedi·

268 3850 308 3901 illi
317 3851 474 3919 pantomimo
486 3867 577 3900 nomen
588 3851 700 3899 Mnester
712 3867 717 3897 :
729 3848 772 3900 vel
803 3869 867 3910 cere,
873 3850 1084 3918 utHeinsinsipse
1091 3848 1167 3900 docet
1175 3848 1207 3899 ad
1213 3850 1310 3920 Virgil.

268 3928 361 3998 lapidis
371 3927 437 3990 lide,
448 3928 492 3998 qui
502 3929 528 3977 in
541 3927 637 3979 aedibus
648 3927 773 3998 Crepani-
804 3930 860 3982 Ecl.
873 3948 883 3979 1
896 3969 902 3992 ‚
923 3947 960 3996 17·
977 3940 1003 3979 et
1018 3929 1082 3980 locis
1091 3927 1128 3979 ibi
1138 3929 1231 3980 citatis.
1248 3929 1309 3982 Huc

270 4027 360 4062 corum
369 4008 456 4060 Rornae
475 4006 532 4076 (ap.
549 4005 626 4059 Grut.
647 4026 674 4078 p.
694 4007 771 4077 615.)
804 4008 932 4060 referebat
949 4007 1024 4060 etiam
1043 4007 1201 4060 Burmannus
1221 4008 1312 4088 locum
