<?xml version="1.0" encoding="UTF-8"?>
<!DOCTYPE html PUBLIC "-//W3C//DTD XHTML 1.0 Transitional//EN"
    "http://www.w3.org/TR/xhtml1/DTD/xhtml1-transitional.dtd">
<html xmlns="http://www.w3.org/1999/xhtml" xml:lang="en" lang="en">
 <head>
  <title>
</title>
<meta http-equiv="Content-Type" content="text/html;charset=utf-8" />
  <meta name='ocr-system' content='tesseract 3.04.00' />
  <meta name='ocr-capabilities' content='ocr_page ocr_carea ocr_par ocr_line ocrx_word'/>
</head>
<body>
  <div class='ocr_page' id='page_1' title='image "bibliothecaclas36lemagoog_0034.png"; bbox 0 0 2662 4830; ppageno 0'>
   <div class='ocr_carea' id='block_1_1' title="bbox 129 306 1112 404">
    <p class='ocr_par' dir='ltr' id='par_1_1' title="bbox 129 306 1112 404">
     <span class='ocr_line' id='line_1_1' title="bbox 129 306 1112 404; baseline 0.053 -51"><span class='ocrx_word' id='word_1_1' title='bbox 129 314 238 356; x_wconf 72' lang='lat' dir='ltr'><strong>soso·</strong></span> <span class='ocrx_word' id='word_1_2' title='bbox 463 307 633 381; x_wconf 86' lang='lat' dir='ltr'>LIBER</span> <span class='ocrx_word' id='word_1_3' title='bbox 656 306 726 380; x_wconf 84' lang='lat' dir='ltr'><strong>XI.</strong></span> <span class='ocrx_word' id='word_1_4' title='bbox 1069 332 1112 404; x_wconf 84' lang='lat'><strong>¹7</strong></span> 
     </span>
    </p>
   </div>
   <div class='ocr_carea' id='block_1_2' title="bbox 54 381 1116 537">
    <p class='ocr_par' dir='ltr' id='par_1_2' title="bbox 54 381 1116 537">
     <span class='ocr_line' id='line_1_2' title="bbox 129 381 225 430; baseline -0.01 -9"><span class='ocrx_word' id='word_1_5' title='bbox 129 381 204 430; x_wconf 70' lang='lat' dir='ltr'><strong>uoq</strong></span> <span class='ocrx_word' id='word_1_6' title='bbox 218 402 225 414; x_wconf 81' lang='grc'><em>.</em></span> 
     </span>
     <span class='ocr_line' id='line_1_3' title="bbox 54 393 1116 537; baseline -0.01 -16"><span class='ocrx_word' id='word_1_7' title='bbox 54 441 175 523; x_wconf 70' lang='lat' dir='ltr'><strong>salle</strong></span> <span class='ocrx_word' id='word_1_8' title='bbox 184 393 224 521; x_wconf 75' lang='lat' dir='ltr'><strong>ai</strong></span> <span class='ocrx_word' id='word_1_9' title='bbox 235 441 480 537; x_wconf 75' lang='lat' dir='ltr'><strong>recentiorum,</strong></span> <span class='ocrx_word' id='word_1_10' title='bbox 494 437 655 514; x_wconf 85' lang='lat' dir='ltr'><strong>Arruntii</strong></span> <span class='ocrx_word' id='word_1_11' title='bbox 670 457 703 509; x_wconf 90' lang='lat' dir='ltr'><strong>et</strong></span> <span class='ocrx_word' id='word_1_12' title='bbox 717 434 890 507; x_wconf 88' lang='lat' dir='ltr'><strong>AEsernini</strong></span> <span class='ocrx_word' id='word_1_13' title='bbox 903 460 911 507; x_wconf 92' lang='lat'>:</span> <span class='ocrx_word' id='word_1_14' title='bbox 926 434 969 507; x_wconf 90' lang='lat' dir='ltr'><strong>ad</strong></span> <span class='ocrx_word' id='word_1_15' title='bbox 981 455 1116 510; x_wconf 87' lang='lat' dir='ltr'><strong>summa</strong></span> 
     </span>
    </p>
   </div>
   <div class='ocr_carea' id='block_1_3' title="bbox 49 548 1128 1455">
    <p class='ocr_par' dir='ltr' id='par_1_3' title="bbox 49 548 1128 1455">
     <span class='ocr_line' id='line_1_4' title="bbox 50 548 1117 659; baseline -0.013 -23"><span class='ocrx_word' id='word_1_16' title='bbox 50 576 255 659; x_wconf 82' lang='lat' dir='ltr'><strong>provectos</strong></span> <span class='ocrx_word' id='word_1_17' title='bbox 266 555 574 656; x_wconf 82' lang='lat' dir='ltr'><strong>incorruptavitaet</strong></span> <span class='ocrx_word' id='word_1_18' title='bbox 581 551 749 626; x_wconf 81' lang='lat' dir='ltr'><strong>facundia.</strong></span> <span class='ocrx_word' id='word_1_19' title='bbox 760 577 779 617; x_wconf 84' lang='lat' dir='ltr'><strong>u</strong></span> <span class='ocrx_word' id='word_1_20' title='bbox 789 548 1028 622; x_wconf 85' lang='lat' dir='ltr'><strong>Taliadicente</strong></span> <span class='ocrx_word' id='word_1_21' title='bbox 1038 576 1117 622; x_wconf 88' lang='lat' dir='ltr'><strong>con-</strong></span> 
     </span>
     <span class='ocr_line' id='line_1_5' title="bbox 49 665 1118 776; baseline -0.014 -24"><span class='ocrx_word' id='word_1_22' title='bbox 49 679 152 761; x_wconf 81' lang='lat' dir='ltr'><strong>sule</strong></span> <span class='ocrx_word' id='word_1_23' title='bbox 163 675 358 776; x_wconf 78' lang='lat' dir='ltr'><strong>designato,</strong></span> <span class='ocrx_word' id='word_1_24' title='bbox 374 669 660 772; x_wconf 65' lang='lat' dir='ltr'><strong>consentientibus</strong></span> <span class='ocrx_word' id='word_1_25' title='bbox 671 665 763 765; x_wconf 84' lang='lat' dir='ltr'><strong>aliis,</strong></span> <span class='ocrx_word' id='word_1_26' title='bbox 783 665 963 764; x_wconf 85' lang='lat' dir='ltr'><strong>parabatur</strong></span> <span class='ocrx_word' id='word_1_27' title='bbox 978 682 1118 738; x_wconf 89' lang='lat' dir='ltr'><strong>senten-</strong></span> 
     </span>
     <span class='ocr_line' id='line_1_6' title="bbox 51 776 1122 891; baseline -0.013 -25"><span class='ocrx_word' id='word_1_28' title='bbox 51 790 144 882; x_wconf 79' lang='lat' dir='ltr'><strong>tia,</strong></span> <span class='ocrx_word' id='word_1_29' title='bbox 157 817 227 891; x_wconf 86' lang='lat' dir='ltr'><strong>qna</strong></span> <span class='ocrx_word' id='word_1_30' title='bbox 240 815 258 858; x_wconf 91' lang='lat'>«</span> <span class='ocrx_word' id='word_1_31' title='bbox 267 789 343 889; x_wconf 83' lang='lat' dir='ltr'><strong>lege</strong></span> <span class='ocrx_word' id='word_1_32' title='bbox 355 785 621 885; x_wconf 82' lang='lat' dir='ltr'><strong>repetundarum</strong></span> <span class='ocrx_word' id='word_1_33' title='bbox 631 797 870 863; x_wconf 71' lang='lat' dir='ltr'><strong>tenerenturq»</strong></span> <span class='ocrx_word' id='word_1_34' title='bbox 886 802 966 848; x_wconf 88' lang='lat' dir='ltr'><strong>cum</strong></span> <span class='ocrx_word' id='word_1_35' title='bbox 978 776 1122 868; x_wconf 87' lang='lat' dir='ltr'><strong>Suilius,</strong></span> 
     </span>
     <span class='ocr_line' id='line_1_7' title="bbox 53 889 1121 995; baseline -0.009 -20"><span class='ocrx_word' id='word_1_36' title='bbox 53 925 115 977; x_wconf 83' lang='lat' dir='ltr'><strong>et</strong></span> <span class='ocrx_word' id='word_1_37' title='bbox 126 901 367 995; x_wconf 79' lang='lat' dir='ltr'><strong>Cossutianus,</strong></span> <span class='ocrx_word' id='word_1_38' title='bbox 382 915 417 972; x_wconf 88' lang='lat' dir='ltr'><strong>et</strong></span> <span class='ocrx_word' id='word_1_39' title='bbox 429 895 548 995; x_wconf 76' lang='lat' dir='ltr'><strong>ceteri,</strong></span> <span class='ocrx_word' id='word_1_40' title='bbox 565 893 708 994; x_wconf 88' lang='lat' dir='ltr'><strong>quinon</strong></span> <span class='ocrx_word' id='word_1_41' title='bbox 726 889 899 988; x_wconf 75' lang='lat' dir='ltr'><strong>judicium</strong></span> <span class='ocrx_word' id='word_1_42' title='bbox 913 889 1064 989; x_wconf 84' lang='lat' dir='ltr'><strong>(quippe</strong></span> <span class='ocrx_word' id='word_1_43' title='bbox 1081 890 1121 965; x_wconf 92' lang='lat' dir='ltr'><strong>in</strong></span> 
     </span>
     <span class='ocr_line' id='line_1_8' title="bbox 55 1002 1124 1112; baseline -0.01 -21"><span class='ocrx_word' id='word_1_44' title='bbox 55 1016 297 1112; x_wconf 80' lang='lat' dir='ltr'><strong>manifestos)</strong></span> <span class='ocrx_word' id='word_1_45' title='bbox 312 1013 370 1086; x_wconf 90' lang='lat' dir='ltr'><strong>sed</strong></span> <span class='ocrx_word' id='word_1_46' title='bbox 386 1037 526 1111; x_wconf 76' lang='lat' dir='ltr'><strong>poenam</strong></span> <span class='ocrx_word' id='word_1_47' title='bbox 544 1006 647 1082; x_wconf 86' lang='lat' dir='ltr'><strong>stetui</strong></span> <span class='ocrx_word' id='word_1_48' title='bbox 665 1005 846 1102; x_wconf 84' lang='lat' dir='ltr'><strong>videbant,</strong></span> <span class='ocrx_word' id='word_1_49' title='bbox 867 1002 1124 1081; x_wconf 80' lang='lat' dir='ltr'><strong>circumsistunt</strong></span> 
     </span>
     <span class='ocr_line' id='line_1_9' title="bbox 53 1123 1048 1227; baseline -0.026 -19"><span class='ocrx_word' id='word_1_50' title='bbox 53 1131 271 1227; x_wconf 75' lang='lat' dir='ltr'><strong>Caesareut,</strong></span> <span class='ocrx_word' id='word_1_51' title='bbox 288 1141 449 1201; x_wconf 87' lang='lat' dir='ltr'><strong>anteacta</strong></span> <span class='ocrx_word' id='word_1_52' title='bbox 461 1123 687 1222; x_wconf 78' lang='lat' dir='ltr'><strong>deprecantes.</strong></span> <span class='ocrx_word' id='word_1_53' title='bbox 1046 1178 1048 1182; x_wconf 12' lang='grc' dir='ltr'><em>Α</em></span> 
     </span>
     <span class='ocr_line' id='line_1_10' title="bbox 131 1230 1127 1341; baseline -0.013 -23"><span class='ocrx_word' id='word_1_54' title='bbox 131 1247 217 1320; x_wconf 90' lang='lat' dir='ltr'><strong>VII.</strong></span> <span class='ocrx_word' id='word_1_55' title='bbox 233 1245 296 1341; x_wconf 76' lang='lat' dir='ltr'><strong>Et,</strong></span> <span class='ocrx_word' id='word_1_56' title='bbox 310 1254 493 1340; x_wconf 85' lang='lat' dir='ltr'><strong>postquam</strong></span> <span class='ocrx_word' id='word_1_57' title='bbox 504 1233 643 1331; x_wconf 86' lang='lat' dir='ltr'><strong>annuit,</strong></span> <span class='ocrx_word' id='word_1_58' title='bbox 662 1257 760 1333; x_wconf 84' lang='lat' dir='ltr'><strong>agere</strong></span> <span class='ocrx_word' id='word_1_59' title='bbox 771 1230 940 1329; x_wconf 90' lang='lat' dir='ltr'><strong>incipiunt</strong></span> <span class='ocrx_word' id='word_1_60' title='bbox 953 1257 962 1302; x_wconf 76' lang='grc' dir='ltr'><strong>ι</strong></span> <span class='ocrx_word' id='word_1_61' title='bbox 977 1233 1127 1329; x_wconf 80' lang='lat' dir='ltr'><strong>«Quem</strong></span> 
     </span>
     <span class='ocr_line' id='line_1_11' title="bbox 63 1344 1128 1455; baseline -0.024 -21"><span class='ocrx_word' id='word_1_62' title='bbox 63 1354 186 1433; x_wconf 79' lang='lat' dir='ltr'><strong>illum</strong></span> <span class='ocrx_word' id='word_1_63' title='bbox 193 1371 290 1431; x_wconf 85' lang='lat' dir='ltr'><strong>tanta</strong></span> <span class='ocrx_word' id='word_1_64' title='bbox 303 1353 460 1455; x_wconf 90' lang='lat' dir='ltr'><strong>superbia</strong></span> <span class='ocrx_word' id='word_1_65' title='bbox 468 1376 557 1447; x_wconf 82' lang='lat' dir='ltr'><strong>esse,</strong></span> <span class='ocrx_word' id='word_1_66' title='bbox 570 1367 611 1421; x_wconf 92' lang='lat' dir='ltr'><strong>ut</strong></span> <span class='ocrx_word' id='word_1_67' title='bbox 621 1344 844 1420; x_wconf 80' lang='lat' dir='ltr'><strong>aeternitatem</strong></span> <span class='ocrx_word' id='word_1_68' title='bbox 856 1346 956 1418; x_wconf 84' lang='lat' dir='ltr'><strong>famae</strong></span> <span class='ocrx_word' id='word_1_69' title='bbox 970 1371 1029 1444; x_wconf 90' lang='lat' dir='ltr'><strong>spe</strong></span> <span class='ocrx_word' id='word_1_70' title='bbox 1040 1371 1128 1444; x_wconf 88' lang='lat' dir='ltr'><strong>prae.</strong></span> 
     </span>
    </p>
   </div>
   <div class='ocr_carea' id='block_1_4' title="bbox 70 1510 1179 1749">
    <p class='ocr_par' dir='ltr' id='par_1_4' title="bbox 70 1510 1179 1749">
     <span class='ocr_line' id='line_1_12' title="bbox 77 1510 1179 1593; baseline -0.018 -10"><span class='ocrx_word' id='word_1_71' title='bbox 77 1560 84 1569; x_wconf 91' lang='lat'><strong>·</strong></span> <span class='ocrx_word' id='word_1_72' title='bbox 115 1556 149 1583; x_wconf 83' lang='lat' dir='ltr'><strong>n.</strong></span> <span class='ocrx_word' id='word_1_73' title='bbox 164 1538 300 1593; x_wconf 68' lang='lat' dir='ltr'><strong>Incorruptus</strong></span> <span class='ocrx_word' id='word_1_74' title='bbox 307 1536 356 1578; x_wconf 77' lang='lat' dir='ltr'><strong>vita</strong></span> <span class='ocrx_word' id='word_1_75' title='bbox 370 1541 393 1577; x_wconf 89' lang='lat' dir='ltr'><strong>et</strong></span> <span class='ocrx_word' id='word_1_76' title='bbox 400 1528 525 1588; x_wconf 76' lang='lat' dir='ltr'><strong>facundia.</strong></span> <span class='ocrx_word' id='word_1_77' title='bbox 536 1525 612 1573; x_wconf 70' lang='lat' dir='ltr'><strong>unum</strong></span> <span class='ocrx_word' id='word_1_78' title='bbox 622 1527 747 1578; x_wconf 82' lang='lat' dir='ltr'><strong>incorrupta</strong></span> <span class='ocrx_word' id='word_1_79' title='bbox 757 1523 806 1566; x_wconf 82' lang='lat' dir='ltr'><strong>uita</strong></span> <span class='ocrx_word' id='word_1_80' title='bbox 813 1522 969 1579; x_wconf 79' lang='lat' dir='ltr'><strong>facundiaque</strong></span> <span class='ocrx_word' id='word_1_81' title='bbox 982 1523 1031 1579; x_wconf 79' lang='lat' dir='ltr'><strong>cod.</strong></span> <span class='ocrx_word' id='word_1_82' title='bbox 1043 1528 1131 1581; x_wconf 58' lang='lat' dir='ltr'><strong>sgr-1</strong></span> <span class='ocrx_word' id='word_1_83' title='bbox 1177 1510 1179 1515; x_wconf 67' lang='grc'>’</span> 
     </span>
     <span class='ocr_line' id='line_1_13' title="bbox 78 1596 1134 1666; baseline -0.02 -10"><span class='ocrx_word' id='word_1_84' title='bbox 78 1623 122 1655; x_wconf 79' lang='lat'><strong>1².</strong></span> <span class='ocrx_word' id='word_1_85' title='bbox 137 1609 173 1653; x_wconf 85' lang='lat' dir='ltr'><strong>Et</strong></span> <span class='ocrx_word' id='word_1_86' title='bbox 186 1617 307 1666; x_wconf 80' lang='lat' dir='ltr'><strong>postquam</strong></span> <span class='ocrx_word' id='word_1_87' title='bbox 321 1607 398 1650; x_wconf 78' lang='lat' dir='ltr'><strong>anuuit</strong></span> <span class='ocrx_word' id='word_1_88' title='bbox 413 1613 498 1650; x_wconf 76' lang='lat' dir='ltr'><strong>tacens.</strong></span> <span class='ocrx_word' id='word_1_89' title='bbox 517 1598 606 1650; x_wconf 81' lang='lat' dir='ltr'><strong>scribo,</strong></span> <span class='ocrx_word' id='word_1_90' title='bbox 623 1604 645 1639; x_wconf 78' lang='lat' dir='ltr'><strong>et</strong></span> <span class='ocrx_word' id='word_1_91' title='bbox 661 1603 780 1651; x_wconf 81' lang='lat' dir='ltr'><strong>postquam</strong></span> <span class='ocrx_word' id='word_1_92' title='bbox 795 1598 887 1644; x_wconf 80' lang='lat' dir='ltr'><strong>annuit,</strong></span> <span class='ocrx_word' id='word_1_93' title='bbox 904 1598 937 1638; x_wconf 79' lang='lat' dir='ltr'><strong>ita</strong></span> <span class='ocrx_word' id='word_1_94' title='bbox 947 1596 1000 1651; x_wconf 82' lang='lat' dir='ltr'><strong>sere</strong></span> <span class='ocrx_word' id='word_1_95' title='bbox 1016 1598 1134 1650; x_wconf 62' lang='lat' dir='ltr'><strong>arcipirata</strong></span> 
     </span>
     <span class='ocr_line' id='line_1_14' title="bbox 70 1674 662 1749; baseline -0.034 -20"><span class='ocrx_word' id='word_1_96' title='bbox 70 1681 153 1739; x_wconf 80' lang='lat' dir='ltr'><strong>Quod</strong></span> <span class='ocrx_word' id='word_1_97' title='bbox 163 1695 242 1726; x_wconf 81' lang='lat' dir='ltr'><strong>vorum</strong></span> <span class='ocrx_word' id='word_1_98' title='bbox 251 1690 292 1724; x_wconf 85' lang='lat' dir='ltr'><strong>est.</strong></span> <span class='ocrx_word' id='word_1_99' title='bbox 303 1684 358 1724; x_wconf 76' lang='lat' dir='ltr'><strong>sun.</strong></span> <span class='ocrx_word' id='word_1_100' title='bbox 369 1696 409 1749; x_wconf 88' lang='grc' dir='ltr'><strong>Ιιι,</strong></span> <span class='ocrx_word' id='word_1_101' title='bbox 421 1679 466 1728; x_wconf 66' lang='lat' dir='ltr'><strong>sq,</strong></span> <span class='ocrx_word' id='word_1_102' title='bbox 475 1676 509 1718; x_wconf 84' lang='lat' dir='ltr'><strong>ita</strong></span> <span class='ocrx_word' id='word_1_103' title='bbox 520 1681 612 1714; x_wconf 73' lang='lat' dir='ltr'><strong>exorsus</strong></span> <span class='ocrx_word' id='word_1_104' title='bbox 620 1674 662 1710; x_wconf 80' lang='lat' dir='ltr'><strong>est.</strong></span> 
     </span>
    </p>
   </div>
   <div class='ocr_carea' id='block_1_5' title="bbox 10 1813 1147 4073">
    <p class='ocr_par' dir='ltr' id='par_1_5' title="bbox 10 1813 1147 4073">
     <span class='ocr_line' id='line_1_15' title="bbox 71 1813 1134 1883; baseline -0.003 -17"><span class='ocrx_word' id='word_1_105' title='bbox 71 1825 174 1868; x_wconf 77' lang='lat' dir='ltr'><strong>tamen</strong></span> <span class='ocrx_word' id='word_1_106' title='bbox 190 1835 244 1867; x_wconf 90' lang='lat' dir='ltr'><strong>non</strong></span> <span class='ocrx_word' id='word_1_107' title='bbox 260 1832 312 1867; x_wconf 83' lang='lat' dir='ltr'><strong>esse</strong></span> <span class='ocrx_word' id='word_1_108' title='bbox 331 1827 504 1880; x_wconf 85' lang='lat' dir='ltr'><strong>consequens,</strong></span> <span class='ocrx_word' id='word_1_109' title='bbox 522 1816 595 1875; x_wconf 74' lang='lat' dir='ltr'><strong>patet</strong></span> <span class='ocrx_word' id='word_1_110' title='bbox 627 1824 708 1874; x_wconf 89' lang='lat' dir='ltr'><strong>teres,</strong></span> <span class='ocrx_word' id='word_1_111' title='bbox 728 1823 819 1863; x_wconf 84' lang='lat' dir='ltr'><strong>tacere.</strong></span> <span class='ocrx_word' id='word_1_112' title='bbox 834 1813 915 1883; x_wconf 81' lang='lat' dir='ltr'><strong>Lego,</strong></span> <span class='ocrx_word' id='word_1_113' title='bbox 931 1827 1067 1881; x_wconf 80' lang='lat' dir='ltr'><strong>postquam</strong></span> <span class='ocrx_word' id='word_1_114' title='bbox 1086 1830 1134 1863; x_wconf 88' lang='lat' dir='ltr'><strong>an-</strong></span> 
     </span>
     <span class='ocr_line' id='line_1_16' title="bbox 75 1882 1139 1963; baseline -0.002 -17"><span class='ocrx_word' id='word_1_115' title='bbox 75 1895 130 1946; x_wconf 71' lang='lat' dir='ltr'><strong>vel</strong></span> <span class='ocrx_word' id='word_1_116' title='bbox 142 1912 175 1945; x_wconf 82' lang='lat' dir='ltr'><strong>ex</strong></span> <span class='ocrx_word' id='word_1_117' title='bbox 190 1912 232 1957; x_wconf 84' lang='lat' dir='ltr'><strong>eo,</strong></span> <span class='ocrx_word' id='word_1_118' title='bbox 243 1888 316 1963; x_wconf 88' lang='lat' dir='ltr'><strong>quod</strong></span> <span class='ocrx_word' id='word_1_119' title='bbox 331 1890 433 1958; x_wconf 71' lang='lat' dir='ltr'><strong>sepeio</strong></span> <span class='ocrx_word' id='word_1_120' title='bbox 447 1882 596 1938; x_wconf 64' lang='lat' dir='ltr'><strong>oonsulibffl</strong></span> <span class='ocrx_word' id='word_1_121' title='bbox 628 1892 1003 1960; x_wconf 78' lang='lat' dir='ltr'><strong>nuit‚agereincipiunr.L1rs.</strong></span> <span class='ocrx_word' id='word_1_122' title='bbox 1018 1891 1061 1945; x_wconf 90' lang='lat' dir='ltr'><strong>Sic</strong></span> <span class='ocrx_word' id='word_1_123' title='bbox 1073 1892 1139 1945; x_wconf 88' lang='lat' dir='ltr'><strong>cod.</strong></span> 
     </span>
     <span class='ocr_line' id='line_1_17' title="bbox 76 1967 1136 2042; baseline -0.017 -15"><span class='ocrx_word' id='word_1_124' title='bbox 76 1972 195 2027; x_wconf 75' lang='lat' dir='ltr'><strong>edendis</strong></span> <span class='ocrx_word' id='word_1_125' title='bbox 211 1973 320 2024; x_wconf 80' lang='lat' dir='ltr'><strong>alterum</strong></span> <span class='ocrx_word' id='word_1_126' title='bbox 334 1970 398 2030; x_wconf 68' lang='lat' dir='ltr'><strong>nne,</strong></span> <span class='ocrx_word' id='word_1_127' title='bbox 415 1967 523 2017; x_wconf 90' lang='lat' dir='ltr'><strong>alterum</strong></span> <span class='ocrx_word' id='word_1_128' title='bbox 537 1979 597 2013; x_wconf 87' lang='lat' dir='ltr'><strong>cum</strong></span> <span class='ocrx_word' id='word_1_129' title='bbox 629 1971 692 2040; x_wconf 68' lang='lat' dir='ltr'><strong>neg,</strong></span> <span class='ocrx_word' id='word_1_130' title='bbox 703 1986 744 2038; x_wconf 66' lang='lat' dir='ltr'><strong>ap.</strong></span> <span class='ocrx_word' id='word_1_131' title='bbox 758 1970 893 2040; x_wconf 42' lang='lat' dir='ltr'><strong>nmmum„</strong></span> <span class='ocrx_word' id='word_1_132' title='bbox 909 1971 975 2024; x_wconf 49' lang='lat'>0011,</span> <span class='ocrx_word' id='word_1_133' title='bbox 987 1975 1077 2042; x_wconf 41' lang='lat' dir='ltr'>Agri&amp;</span> <span class='ocrx_word' id='word_1_134' title='bbox 1093 1971 1136 2022; x_wconf 64' lang='lat' dir='ltr'><strong>df.</strong></span> 
     </span>
     <span class='ocr_line' id='line_1_18' title="bbox 79 2038 1139 2122; baseline 0.001 -22"><span class='ocrx_word' id='word_1_135' title='bbox 79 2050 261 2122; x_wconf 76' lang='lat' dir='ltr'><strong>praenomine,</strong></span> <span class='ocrx_word' id='word_1_136' title='bbox 271 2047 360 2118; x_wconf 84' lang='lat' dir='ltr'><strong>ponit,</strong></span> <span class='ocrx_word' id='word_1_137' title='bbox 375 2062 401 2096; x_wconf 73' lang='lat' dir='ltr'><strong>r.</strong></span> <span class='ocrx_word' id='word_1_138' title='bbox 414 2061 438 2094; x_wconf 87' lang='lat' dir='ltr'><strong>o.</strong></span> <span class='ocrx_word' id='word_1_139' title='bbox 448 2044 478 2104; x_wconf 89' lang='grc'><strong>6,</strong></span> <span class='ocrx_word' id='word_1_140' title='bbox 495 2059 517 2090; x_wconf 86' lang='lat'><strong>1·</strong></span> <span class='ocrx_word' id='word_1_141' title='bbox 527 2038 597 2090; x_wconf 71' lang='lat' dir='ltr'><strong>EM·</strong></span> <span class='ocrx_word' id='word_1_142' title='bbox 630 2064 695 2098; x_wconf 73' lang='lat' dir='ltr'><strong>cere.</strong></span> <span class='ocrx_word' id='word_1_143' title='bbox 711 2048 731 2098; x_wconf 88' lang='lat' dir='ltr'>F</span> <span class='ocrx_word' id='word_1_144' title='bbox 733 2049 779 2098; x_wconf 91' lang='lat' dir='ltr'><strong>lor.</strong></span> <span class='ocrx_word' id='word_1_145' title='bbox 788 2061 924 2117; x_wconf 83' lang='lat' dir='ltr'><strong>postquam</strong></span> <span class='ocrx_word' id='word_1_146' title='bbox 936 2049 1025 2100; x_wconf 80' lang='lat' dir='ltr'><strong>annuit</strong></span> <span class='ocrx_word' id='word_1_147' title='bbox 1036 2090 1042 2112; x_wconf 92' lang='lat'>‚</span> <span class='ocrx_word' id='word_1_148' title='bbox 1052 2059 1139 2102; x_wconf 82' lang='lat' dir='ltr'><strong>tacere</strong></span> 
     </span>
     <span class='ocr_line' id='line_1_19' title="bbox 121 2114 1140 2195; baseline 0 -18"><span class='ocrx_word' id='word_1_149' title='bbox 121 2126 173 2180; x_wconf 83' lang='lat' dir='ltr'><strong>Ad</strong></span> <span class='ocrx_word' id='word_1_150' title='bbox 182 2142 280 2176; x_wconf 84' lang='lat' dir='ltr'><strong>summa</strong></span> <span class='ocrx_word' id='word_1_151' title='bbox 293 2131 474 2192; x_wconf 82' lang='lat' dir='ltr'><strong>provectorum.</strong></span> <span class='ocrx_word' id='word_1_152' title='bbox 489 2114 600 2167; x_wconf 84' lang='lat' dir='ltr'><strong>Videtur</strong></span> <span class='ocrx_word' id='word_1_153' title='bbox 631 2125 768 2194; x_wconf 83' lang='lat' dir='ltr'><strong>incipiunt,</strong></span> <span class='ocrx_word' id='word_1_154' title='bbox 784 2124 855 2195; x_wconf 92' lang='lat' dir='ltr'><strong>quod</strong></span> <span class='ocrx_word' id='word_1_155' title='bbox 872 2128 948 2178; x_wconf 88' lang='lat' dir='ltr'><strong>estin</strong></span> <span class='ocrx_word' id='word_1_156' title='bbox 963 2126 1001 2179; x_wconf 86' lang='lat' dir='ltr'><strong>ed.</strong></span> <span class='ocrx_word' id='word_1_157' title='bbox 1020 2146 1060 2195; x_wconf 91' lang='lat' dir='ltr'><strong>pr.</strong></span> <span class='ocrx_word' id='word_1_158' title='bbox 1074 2124 1140 2178; x_wconf 86' lang='lat' dir='ltr'><strong>Inde</strong></span> 
     </span>
     <span class='ocr_line' id='line_1_20' title="bbox 80 2194 1140 2276; baseline -0.009 -22"><span class='ocrx_word' id='word_1_159' title='bbox 80 2202 197 2276; x_wconf 84' lang='lat' dir='ltr'><strong>quidem</strong></span> <span class='ocrx_word' id='word_1_160' title='bbox 215 2199 391 2252; x_wconf 86' lang='lat' dir='ltr'><strong>rotundiorem</strong></span> <span class='ocrx_word' id='word_1_161' title='bbox 411 2198 493 2247; x_wconf 81' lang='lat' dir='ltr'><strong>facere</strong></span> <span class='ocrx_word' id='word_1_162' title='bbox 509 2194 598 2262; x_wconf 88' lang='lat' dir='ltr'><strong>perio·</strong></span> <span class='ocrx_word' id='word_1_163' title='bbox 631 2200 745 2252; x_wconf 59' lang='lat' dir='ltr'><strong>Freinsh</strong></span> <span class='ocrx_word' id='word_1_164' title='bbox 764 2203 871 2271; x_wconf 71' lang='lat' dir='ltr'><strong>corrigit</strong></span> <span class='ocrx_word' id='word_1_165' title='bbox 879 2205 971 2272; x_wconf 65' lang='lat' dir='ltr'><strong>jacere</strong></span> <span class='ocrx_word' id='word_1_166' title='bbox 977 2243 986 2266; x_wconf 67' lang='lat'><em>‚</em></span> <span class='ocrx_word' id='word_1_167' title='bbox 997 2202 1068 2274; x_wconf 73' lang='lat' dir='ltr'><strong>quod</strong></span> <span class='ocrx_word' id='word_1_168' title='bbox 1079 2204 1140 2274; x_wconf 68' lang='lat' dir='ltr'><strong>pla.</strong></span> 
     </span>
     <span class='ocr_line' id='line_1_21' title="bbox 83 2272 1141 2350; baseline -0.003 -15"><span class='ocrx_word' id='word_1_169' title='bbox 83 2283 155 2336; x_wconf 87' lang='lat' dir='ltr'><strong>dum</strong></span> <span class='ocrx_word' id='word_1_170' title='bbox 163 2280 193 2332; x_wconf 72' lang='lat' dir='ltr'><strong>at</strong></span> <span class='ocrx_word' id='word_1_171' title='bbox 202 2291 391 2350; x_wconf 71' lang='lat' dir='ltr'><strong>provectorum:</strong></span> <span class='ocrx_word' id='word_1_172' title='bbox 401 2287 428 2326; x_wconf 83' lang='lat' dir='ltr'><strong>et</strong></span> <span class='ocrx_word' id='word_1_173' title='bbox 435 2274 493 2325; x_wconf 75' lang='lat' dir='ltr'><strong>ideo</strong></span> <span class='ocrx_word' id='word_1_174' title='bbox 503 2273 538 2323; x_wconf 72' lang='lat' dir='ltr'><strong>Sic</strong></span> <span class='ocrx_word' id='word_1_175' title='bbox 545 2272 599 2322; x_wconf 64' lang='lat' dir='ltr'><strong>tusi</strong></span> <span class='ocrx_word' id='word_1_176' title='bbox 632 2290 672 2330; x_wconf 90' lang='lat' dir='ltr'><strong>cet</strong></span> <span class='ocrx_word' id='word_1_177' title='bbox 678 2276 993 2349; x_wconf 76' lang='lat' dir='ltr'><strong>RyckioMalesequitur</strong></span> <span class='ocrx_word' id='word_1_178' title='bbox 1000 2280 1141 2349; x_wconf 77' lang='lat' dir='ltr'><strong>enimjusta</strong></span> 
     </span>
     <span class='ocr_line' id='line_1_22' title="bbox 85 2351 1143 2430; baseline -0.003 -16"><span class='ocrx_word' id='word_1_179' title='bbox 85 2360 230 2430; x_wconf 76' lang='lat' dir='ltr'><strong>corrigere,</strong></span> <span class='ocrx_word' id='word_1_180' title='bbox 239 2359 284 2428; x_wconf 82' lang='lat' dir='ltr'><strong>qui</strong></span> <span class='ocrx_word' id='word_1_181' title='bbox 293 2357 389 2426; x_wconf 86' lang='lat' dir='ltr'><strong>primas</strong></span> <span class='ocrx_word' id='word_1_182' title='bbox 398 2351 521 2404; x_wconf 82' lang='lat' dir='ltr'><strong>editiones</strong></span> <span class='ocrx_word' id='word_1_183' title='bbox 528 2366 599 2400; x_wconf 54' lang='grc' dir='ltr'><strong>οῦκ·</strong></span> <span class='ocrx_word' id='word_1_184' title='bbox 633 2357 730 2418; x_wconf 91' lang='lat' dir='ltr'><strong>oratio,</strong></span> <span class='ocrx_word' id='word_1_185' title='bbox 749 2354 781 2407; x_wconf 88' lang='lat' dir='ltr'><strong>de</strong></span> <span class='ocrx_word' id='word_1_186' title='bbox 798 2375 849 2427; x_wconf 86' lang='lat' dir='ltr'><strong>qua</strong></span> <span class='ocrx_word' id='word_1_187' title='bbox 858 2358 949 2428; x_wconf 81' lang='lat' dir='ltr'><strong>jacere</strong></span> <span class='ocrx_word' id='word_1_188' title='bbox 967 2377 1019 2410; x_wconf 90' lang='lat' dir='ltr'><strong>non</strong></span> <span class='ocrx_word' id='word_1_189' title='bbox 1033 2358 1143 2411; x_wconf 84' lang='lat' dir='ltr'><strong>dicitur.·</strong></span> 
     </span>
     <span class='ocr_line' id='line_1_23' title="bbox 85 2428 1142 2507; baseline -0.008 -14"><span class='ocrx_word' id='word_1_190' title='bbox 85 2452 195 2493; x_wconf 72' lang='lat' dir='ltr'><strong>verunt.</strong></span> <span class='ocrx_word' id='word_1_191' title='bbox 206 2435 259 2489; x_wconf 86' lang='lat' dir='ltr'><strong>Sed</strong></span> <span class='ocrx_word' id='word_1_192' title='bbox 273 2451 355 2507; x_wconf 84' lang='lat' dir='ltr'><strong>neque</strong></span> <span class='ocrx_word' id='word_1_193' title='bbox 364 2428 534 2503; x_wconf 85' lang='lat' dir='ltr'><strong>spernendum</strong></span> <span class='ocrx_word' id='word_1_194' title='bbox 547 2439 599 2490; x_wconf 86' lang='lat' dir='ltr'><strong>est,</strong></span> <span class='ocrx_word' id='word_1_195' title='bbox 632 2431 684 2484; x_wconf 86' lang='lat' dir='ltr'><strong>Sed</strong></span> <span class='ocrx_word' id='word_1_196' title='bbox 693 2451 738 2483; x_wconf 88' lang='lat' dir='ltr'><strong>neo</strong></span> <span class='ocrx_word' id='word_1_197' title='bbox 745 2434 836 2484; x_wconf 88' lang='lat' dir='ltr'><strong>melius</strong></span> <span class='ocrx_word' id='word_1_198' title='bbox 843 2435 897 2484; x_wconf 86' lang='lat' dir='ltr'><strong>Jac.</strong></span> <span class='ocrx_word' id='word_1_199' title='bbox 907 2432 1142 2503; x_wconf 83' lang='lat' dir='ltr'><strong>Gronoviisacere‚</strong></span> 
     </span>
     <span class='ocr_line' id='line_1_24' title="bbox 87 2507 1141 2588; baseline 0 -22"><span class='ocrx_word' id='word_1_200' title='bbox 87 2515 165 2588; x_wconf 83' lang='lat' dir='ltr'><strong>qnod</strong></span> <span class='ocrx_word' id='word_1_201' title='bbox 189 2525 307 2567; x_wconf 76' lang='lat' dir='ltr'><strong>constare</strong></span> <span class='ocrx_word' id='word_1_202' title='bbox 332 2507 486 2561; x_wconf 78' lang='lat' dir='ltr'><strong>membranis</strong></span> <span class='ocrx_word' id='word_1_203' title='bbox 507 2507 601 2560; x_wconf 82' lang='lat' dir='ltr'><strong>clamat</strong></span> <span class='ocrx_word' id='word_1_204' title='bbox 633 2512 765 2564; x_wconf 86' lang='lat' dir='ltr'><strong>intellecto</strong></span> <span class='ocrx_word' id='word_1_205' title='bbox 781 2513 910 2580; x_wconf 80' lang='lat' dir='ltr'><strong>gratiam,</strong></span> <span class='ocrx_word' id='word_1_206' title='bbox 931 2513 1003 2582; x_wconf 89' lang='lat' dir='ltr'><strong>cujus</strong></span> <span class='ocrx_word' id='word_1_207' title='bbox 1023 2516 1141 2586; x_wconf 86' lang='lat' dir='ltr'><strong>ellipseos</strong></span> 
     </span>
     <span class='ocr_line' id='line_1_25' title="bbox 91 2584 1143 2661; baseline -0.004 -10"><span class='ocrx_word' id='word_1_208' title='bbox 91 2584 601 2658; x_wconf 60' lang='lat' dir='ltr'><strong>mihisilentiumfflfflmsquibfflhmm</strong></span> <span class='ocrx_word' id='word_1_209' title='bbox 634 2593 750 2661; x_wconf 82' lang='lat' dir='ltr'><strong>exempla</strong></span> <span class='ocrx_word' id='word_1_210' title='bbox 759 2589 1048 2645; x_wconf 86' lang='lat' dir='ltr'><strong>desidero.Puteolanus</strong></span> <span class='ocrx_word' id='word_1_211' title='bbox 1055 2607 1143 2648; x_wconf 83' lang='lat' dir='ltr'><strong>autem</strong></span> 
     </span>
     <span class='ocr_line' id='line_1_26' title="bbox 93 2663 1144 2745; baseline -0.003 -17"><span class='ocrx_word' id='word_1_212' title='bbox 93 2672 237 2745; x_wconf 77' lang='lat' dir='ltr'><strong>copisfuit·</strong></span> <span class='ocrx_word' id='word_1_213' title='bbox 248 2669 350 2721; x_wconf 72' lang='lat' dir='ltr'><strong>Livium</strong></span> <span class='ocrx_word' id='word_1_214' title='bbox 359 2667 474 2717; x_wconf 63' lang='lat' dir='ltr'><strong>imitsstlw</strong></span> <span class='ocrx_word' id='word_1_215' title='bbox 480 2663 598 2715; x_wconf 63' lang='lat' dir='ltr'><strong>dixisset:</strong></span> <span class='ocrx_word' id='word_1_216' title='bbox 635 2688 667 2720; x_wconf 85' lang='lat' dir='ltr'><strong>ex</strong></span> <span class='ocrx_word' id='word_1_217' title='bbox 679 2669 783 2720; x_wconf 76' lang='lat' dir='ltr'><strong>coiecit</strong></span> <span class='ocrx_word' id='word_1_218' title='bbox 795 2681 896 2733; x_wconf 82' lang='lat' dir='ltr'><strong>tacens,</strong></span> <span class='ocrx_word' id='word_1_219' title='bbox 908 2669 978 2742; x_wconf 88' lang='lat' dir='ltr'><strong>qnod</strong></span> <span class='ocrx_word' id='word_1_220' title='bbox 989 2671 1144 2738; x_wconf 79' lang='lat' dir='ltr'><strong>Beroaldus,</strong></span> 
     </span>
     <span class='ocr_line' id='line_1_27' title="bbox 96 2741 1145 2823; baseline 0.004 -22"><span class='ocrx_word' id='word_1_221' title='bbox 96 2757 163 2823; x_wconf 76' lang='lat' dir='ltr'><strong>Qraos</strong></span> <span class='ocrx_word' id='word_1_222' title='bbox 179 2749 219 2802; x_wconf 84' lang='lat' dir='ltr'><strong>ad</strong></span> <span class='ocrx_word' id='word_1_223' title='bbox 232 2764 330 2799; x_wconf 80' lang='lat' dir='ltr'><strong>mmma</strong></span> <span class='ocrx_word' id='word_1_224' title='bbox 344 2757 483 2813; x_wconf 78' lang='lat' dir='ltr'><strong>provectos·</strong></span> <span class='ocrx_word' id='word_1_225' title='bbox 497 2741 529 2795; x_wconf 86' lang='lat' dir='ltr'><strong>ld</strong></span> <span class='ocrx_word' id='word_1_226' title='bbox 544 2760 604 2812; x_wconf 78' lang='lat' dir='ltr'><strong>pro·</strong></span> <span class='ocrx_word' id='word_1_227' title='bbox 636 2749 770 2811; x_wconf 74' lang='lat' dir='ltr'><strong>Alcimus,</strong></span> <span class='ocrx_word' id='word_1_228' title='bbox 781 2745 928 2812; x_wconf 61' lang='lat' dir='ltr'><strong>Rhenanus,</strong></span> <span class='ocrx_word' id='word_1_229' title='bbox 944 2748 1029 2804; x_wconf 86' lang='lat' dir='ltr'><strong>Aldus</strong></span> <span class='ocrx_word' id='word_1_230' title='bbox 1047 2754 1145 2805; x_wconf 87' lang='lat' dir='ltr'><strong>ceteri-</strong></span> 
     </span>
     <span class='ocr_line' id='line_1_28' title="bbox 97 2819 1144 2898; baseline -0.001 -15"><span class='ocrx_word' id='word_1_231' title='bbox 97 2847 188 2895; x_wconf 77' lang='lat' dir='ltr'><strong>nornen</strong></span> <span class='ocrx_word' id='word_1_232' title='bbox 207 2829 331 2879; x_wconf 84' lang='lat' dir='ltr'><strong>omissum</strong></span> <span class='ocrx_word' id='word_1_233' title='bbox 350 2824 504 2876; x_wconf 82' lang='lat' dir='ltr'><strong>brevitatem</strong></span> <span class='ocrx_word' id='word_1_234' title='bbox 520 2819 605 2871; x_wconf 78' lang='lat' dir='ltr'><strong>Taciti</strong></span> <span class='ocrx_word' id='word_1_235' title='bbox 637 2845 686 2898; x_wconf 87' lang='lat' dir='ltr'><strong>que</strong></span> <span class='ocrx_word' id='word_1_236' title='bbox 697 2827 777 2879; x_wconf 88' lang='lat' dir='ltr'><strong>secuti</strong></span> <span class='ocrx_word' id='word_1_237' title='bbox 788 2839 854 2878; x_wconf 87' lang='lat' dir='ltr'><strong>sunt.</strong></span> <span class='ocrx_word' id='word_1_238' title='bbox 864 2826 911 2878; x_wconf 84' lang='lat' dir='ltr'><strong>Est</strong></span> <span class='ocrx_word' id='word_1_239' title='bbox 922 2839 1007 2879; x_wconf 84' lang='lat' dir='ltr'><strong>tamen</strong></span> <span class='ocrx_word' id='word_1_240' title='bbox 1018 2829 1044 2879; x_wconf 87' lang='lat' dir='ltr'><strong>in</strong></span> <span class='ocrx_word' id='word_1_241' title='bbox 1054 2826 1144 2883; x_wconf 82' lang='lat' dir='ltr'><strong>Guelf.</strong></span> 
     </span>
     <span class='ocr_line' id='line_1_29' title="bbox 96 2898 1147 2980; baseline -0.004 -18"><span class='ocrx_word' id='word_1_242' title='bbox 96 2908 296 2980; x_wconf 78' lang='lat' dir='ltr'><strong>haudquaquam</strong></span> <span class='ocrx_word' id='word_1_243' title='bbox 303 2903 418 2957; x_wconf 80' lang='lat' dir='ltr'><strong>dedecet·</strong></span> <span class='ocrx_word' id='word_1_244' title='bbox 426 2901 517 2954; x_wconf 72' lang='lat' dir='ltr'>GRON·</span> <span class='ocrx_word' id='word_1_245' title='bbox 528 2898 605 2951; x_wconf 69' lang='lat' dir='ltr'><strong>Adde</strong></span> <span class='ocrx_word' id='word_1_246' title='bbox 636 2903 694 2973; x_wconf 83' lang='lat' dir='ltr'><strong>Ego</strong></span> <span class='ocrx_word' id='word_1_247' title='bbox 711 2921 786 2971; x_wconf 83' lang='lat' dir='ltr'><strong>agere</strong></span> <span class='ocrx_word' id='word_1_248' title='bbox 805 2901 890 2973; x_wconf 89' lang='lat' dir='ltr'><strong>probo</strong></span> <span class='ocrx_word' id='word_1_249' title='bbox 902 2916 928 2956; x_wconf 89' lang='lat' dir='ltr'><strong>ct</strong></span> <span class='ocrx_word' id='word_1_250' title='bbox 942 2907 1036 2974; x_wconf 84' lang='lat' dir='ltr'><strong>recepi.</strong></span> <span class='ocrx_word' id='word_1_251' title='bbox 1049 2905 1147 2959; x_wconf 82' lang='lat' dir='ltr'><strong>Melius</strong></span> 
     </span>
     <span class='ocr_line' id='line_1_30' title="bbox 100 2977 1146 3055; baseline -0.002 -17"><span class='ocrx_word' id='word_1_252' title='bbox 100 2986 130 3038; x_wconf 78' lang='lat' dir='ltr'><strong>sd</strong></span> <span class='ocrx_word' id='word_1_253' title='bbox 143 2986 213 3039; x_wconf 83' lang='lat' dir='ltr'><strong>Plio.</strong></span> <span class='ocrx_word' id='word_1_254' title='bbox 227 2983 274 3045; x_wconf 79' lang='lat'><strong>35,</strong></span> <span class='ocrx_word' id='word_1_255' title='bbox 287 2978 375 3048; x_wconf 70' lang='lat' dir='ltr'><strong>qAEd.</strong></span> <span class='ocrx_word' id='word_1_256' title='bbox 393 2981 514 3050; x_wconf 78' lang='lat' dir='ltr'><strong>princeps</strong></span> <span class='ocrx_word' id='word_1_257' title='bbox 530 2977 605 3047; x_wconf 71' lang='lat' dir='ltr'><strong>plane</strong></span> <span class='ocrx_word' id='word_1_258' title='bbox 638 2986 706 3034; x_wconf 85' lang='lat' dir='ltr'><strong>eninr</strong></span> <span class='ocrx_word' id='word_1_259' title='bbox 727 2996 793 3051; x_wconf 84' lang='lat' dir='ltr'><strong>puto</strong></span> <span class='ocrx_word' id='word_1_260' title='bbox 812 2983 948 3036; x_wconf 88' lang='lat' dir='ltr'><strong>lectionem</strong></span> <span class='ocrx_word' id='word_1_261' title='bbox 970 2982 1028 3036; x_wconf 84' lang='lat' dir='ltr'><strong>MS.</strong></span> <span class='ocrx_word' id='word_1_262' title='bbox 1050 2988 1146 3055; x_wconf 86' lang='lat' dir='ltr'><strong>sequi,</strong></span> 
     </span>
     <span class='ocr_line' id='line_1_31' title="bbox 10 3055 1146 3130; baseline -0.003 -13"><span class='ocrx_word' id='word_1_263' title='bbox 10 3090 14 3099; x_wconf 90' lang='lat'><strong>·</strong></span> <span class='ocrx_word' id='word_1_264' title='bbox 101 3064 175 3117; x_wconf 80' lang='lat' dir='ltr'><strong>hebet</strong></span> <span class='ocrx_word' id='word_1_265' title='bbox 187 3073 345 3130; x_wconf 76' lang='lat' dir='ltr'><strong>proevscsos,</strong></span> <span class='ocrx_word' id='word_1_266' title='bbox 364 3058 432 3110; x_wconf 82' lang='lat' dir='ltr'><strong>houd</strong></span> <span class='ocrx_word' id='word_1_267' title='bbox 449 3055 528 3108; x_wconf 89' lang='lat' dir='ltr'><strong>dubie</strong></span> <span class='ocrx_word' id='word_1_268' title='bbox 539 3056 604 3108; x_wconf 79' lang='lat' dir='ltr'><strong>vitio</strong></span> <span class='ocrx_word' id='word_1_269' title='bbox 637 3059 1146 3130; x_wconf 85' lang='lat' dir='ltr'><strong>quamconjectursmPuteolani.Eileo-</strong></span> 
     </span>
     <span class='ocr_line' id='line_1_32' title="bbox 102 3136 1145 3213; baseline 0.001 -22"><span class='ocrx_word' id='word_1_270' title='bbox 102 3156 299 3213; x_wconf 64' lang='lat' dir='ltr'><strong>opersrum&#39;pro</strong></span> <span class='ocrx_word' id='word_1_271' title='bbox 312 3149 453 3206; x_wconf 79' lang='lat' dir='ltr'><strong>provectas.</strong></span> <span class='ocrx_word' id='word_1_272' title='bbox 472 3136 529 3188; x_wconf 84' lang='lat' dir='ltr'><strong>Hoc</strong></span> <span class='ocrx_word' id='word_1_273' title='bbox 545 3152 605 3186; x_wconf 90' lang='lat' dir='ltr'><strong>cum</strong></span> <span class='ocrx_word' id='word_1_274' title='bbox 637 3139 703 3190; x_wconf 90' lang='lat' dir='ltr'><strong>tioni</strong></span> <span class='ocrx_word' id='word_1_275' title='bbox 720 3137 791 3188; x_wconf 80' lang='lat' dir='ltr'><strong>feret</strong></span> <span class='ocrx_word' id='word_1_276' title='bbox 802 3138 878 3187; x_wconf 88' lang='lat' dir='ltr'><strong>etiam</strong></span> <span class='ocrx_word' id='word_1_277' title='bbox 892 3138 1068 3204; x_wconf 82' lang='lat' dir='ltr'><strong>interpunctio</strong></span> <span class='ocrx_word' id='word_1_278' title='bbox 1085 3137 1145 3193; x_wconf 86' lang='lat' dir='ltr'><strong>eod.</strong></span> 
     </span>
     <span class='ocr_line' id='line_1_33' title="bbox 10 3212 1146 3285; baseline -0.003 -11"><span class='ocrx_word' id='word_1_279' title='bbox 10 3237 23 3262; x_wconf 53' lang='grc' dir='ltr'><strong>Γ</strong></span> <span class='ocrx_word' id='word_1_280' title='bbox 103 3233 127 3273; x_wconf 86' lang='lat' dir='ltr'><strong>et</strong></span> <span class='ocrx_word' id='word_1_281' title='bbox 137 3219 195 3273; x_wconf 84' lang='lat' dir='ltr'><strong>eod.</strong></span> <span class='ocrx_word' id='word_1_282' title='bbox 213 3215 279 3271; x_wconf 90' lang='lat' dir='ltr'><strong>Bud.</strong></span> <span class='ocrx_word' id='word_1_283' title='bbox 289 3215 359 3267; x_wconf 81' lang='lat' dir='ltr'><strong>Flos.</strong></span> <span class='ocrx_word' id='word_1_284' title='bbox 375 3213 461 3265; x_wconf 86' lang='lat' dir='ltr'><strong>etalii</strong></span> <span class='ocrx_word' id='word_1_285' title='bbox 478 3230 520 3282; x_wconf 81' lang='lat' dir='ltr'><strong>sp.</strong></span> <span class='ocrx_word' id='word_1_286' title='bbox 534 3212 605 3280; x_wconf 78' lang='lat' dir='ltr'><strong>nyc—</strong></span> <span class='ocrx_word' id='word_1_287' title='bbox 637 3217 706 3267; x_wconf 81' lang='lat' dir='ltr'><strong>Flor.</strong></span> <span class='ocrx_word' id='word_1_288' title='bbox 723 3229 750 3266; x_wconf 89' lang='lat' dir='ltr'><strong>et</strong></span> <span class='ocrx_word' id='word_1_289' title='bbox 766 3213 824 3266; x_wconf 87' lang='lat' dir='ltr'><strong>cod.</strong></span> <span class='ocrx_word' id='word_1_290' title='bbox 843 3216 908 3285; x_wconf 83' lang='lat' dir='ltr'><strong>Agr.</strong></span> <span class='ocrx_word' id='word_1_291' title='bbox 925 3215 998 3285; x_wconf 88' lang='lat' dir='ltr'><strong>cujus</strong></span> <span class='ocrx_word' id='word_1_292' title='bbox 1014 3216 1091 3268; x_wconf 90' lang='lat' dir='ltr'><strong>lectio</strong></span> <span class='ocrx_word' id='word_1_293' title='bbox 1107 3231 1146 3271; x_wconf 87' lang='lat' dir='ltr'><strong>est</strong></span> 
     </span>
     <span class='ocr_line' id='line_1_34' title="bbox 104 3292 1147 3366; baseline 0 -18"><span class='ocrx_word' id='word_1_294' title='bbox 104 3295 168 3348; x_wconf 79' lang='lat' dir='ltr'><strong>kium</strong></span> <span class='ocrx_word' id='word_1_295' title='bbox 185 3293 315 3356; x_wconf 66' lang='lat' dir='ltr'><strong>habeant,</strong></span> <span class='ocrx_word' id='word_1_296' title='bbox 324 3304 350 3343; x_wconf 76' lang='lat' dir='ltr'><strong>et</strong></span> <span class='ocrx_word' id='word_1_297' title='bbox 359 3292 415 3362; x_wconf 74' lang='lat' dir='ltr'><strong>ipse</strong></span> <span class='ocrx_word' id='word_1_298' title='bbox 426 3302 528 3343; x_wconf 70' lang='lat' dir='ltr'><strong>secutus</strong></span> <span class='ocrx_word' id='word_1_299' title='bbox 540 3306 604 3341; x_wconf 70' lang='lat' dir='ltr'><strong>sum·</strong></span> <span class='ocrx_word' id='word_1_300' title='bbox 639 3295 771 3366; x_wconf 72' lang='lat' dir='ltr'><strong>glossarii</strong></span> <span class='ocrx_word' id='word_1_301' title='bbox 781 3311 866 3362; x_wconf 76' lang='lat' dir='ltr'><strong>agere.</strong></span> <span class='ocrx_word' id='word_1_302' title='bbox 877 3295 1032 3363; x_wconf 86' lang='lat' dir='ltr'><strong>Corrnptela</strong></span> <span class='ocrx_word' id='word_1_303' title='bbox 1043 3310 1147 3348; x_wconf 86' lang='lat' dir='ltr'><strong>estuata</strong></span> 
     </span>
     <span class='ocr_line' id='line_1_35' title="bbox 105 3368 1147 3444; baseline 0.003 -21"><span class='ocrx_word' id='word_1_304' title='bbox 105 3378 283 3427; x_wconf 75' lang='lat' dir='ltr'><strong>Prousctomm</strong></span> <span class='ocrx_word' id='word_1_305' title='bbox 302 3384 342 3423; x_wconf 89' lang='lat' dir='ltr'><strong>est</strong></span> <span class='ocrx_word' id='word_1_306' title='bbox 353 3371 381 3422; x_wconf 88' lang='lat' dir='ltr'><strong>iu</strong></span> <span class='ocrx_word' id='word_1_307' title='bbox 399 3368 439 3422; x_wconf 88' lang='lat' dir='ltr'><strong>ed.</strong></span> <span class='ocrx_word' id='word_1_308' title='bbox 460 3369 561 3420; x_wconf 85' lang='lat' dir='ltr'><strong>Puteoi.</strong></span> <span class='ocrx_word' id='word_1_309' title='bbox 579 3381 606 3419; x_wconf 89' lang='lat' dir='ltr'><strong>et</strong></span> <span class='ocrx_word' id='word_1_310' title='bbox 639 3369 1147 3444; x_wconf 82' lang='lat' dir='ltr'><strong>eduplicationefinalisinannuit‚quod</strong></span> 
     </span>
     <span class='ocr_line' id='line_1_36' title="bbox 10 3436 1147 3526; baseline -0.002 -20"><span class='ocrx_word' id='word_1_311' title='bbox 10 3463 13 3469; x_wconf 83' lang='grc'><em>“</em></span> <span class='ocrx_word' id='word_1_312' title='bbox 28 3454 31 3461; x_wconf 74' lang='grc'><em>’</em></span> <span class='ocrx_word' id='word_1_313' title='bbox 108 3472 172 3526; x_wconf 83' lang='lat' dir='ltr'><strong>seqq.</strong></span> <span class='ocrx_word' id='word_1_314' title='bbox 188 3453 328 3525; x_wconf 83' lang='lat' dir='ltr'><strong>plerisque.</strong></span> <span class='ocrx_word' id='word_1_315' title='bbox 338 3450 373 3504; x_wconf 89' lang='lat' dir='ltr'><strong>Et</strong></span> <span class='ocrx_word' id='word_1_316' title='bbox 386 3439 422 3502; x_wconf 83' lang='lat' dir='ltr'><strong>sie</strong></span> <span class='ocrx_word' id='word_1_317' title='bbox 436 3461 474 3501; x_wconf 89' lang='lat' dir='ltr'><strong>est</strong></span> <span class='ocrx_word' id='word_1_318' title='bbox 487 3449 565 3500; x_wconf 83' lang='lat' dir='ltr'><strong>etiarn</strong></span> <span class='ocrx_word' id='word_1_319' title='bbox 579 3449 606 3501; x_wconf 88' lang='lat' dir='ltr'><strong>in</strong></span> <span class='ocrx_word' id='word_1_320' title='bbox 640 3468 718 3519; x_wconf 83' lang='lat' dir='ltr'><strong>genus</strong></span> <span class='ocrx_word' id='word_1_321' title='bbox 731 3436 850 3517; x_wconf 83' lang='lat' dir='ltr'><strong>frequeris</strong></span> <span class='ocrx_word' id='word_1_322' title='bbox 860 3460 898 3498; x_wconf 90' lang='lat' dir='ltr'><strong>est</strong></span> <span class='ocrx_word' id='word_1_323' title='bbox 908 3449 934 3497; x_wconf 90' lang='lat' dir='ltr'><strong>in</strong></span> <span class='ocrx_word' id='word_1_324' title='bbox 947 3446 1024 3500; x_wconf 89' lang='lat' dir='ltr'><strong>codd.</strong></span> <span class='ocrx_word' id='word_1_325' title='bbox 1034 3449 1104 3501; x_wconf 76' lang='lat' dir='ltr'><strong>Ean.</strong></span> <span class='ocrx_word' id='word_1_326' title='bbox 1115 3452 1147 3504; x_wconf 90' lang='lat' dir='ltr'><strong>In</strong></span> 
     </span>
     <span class='ocr_line' id='line_1_37' title="bbox 10 3525 1144 3598; baseline -0.007 -13"><span class='ocrx_word' id='word_1_327' title='bbox 10 3543 33 3573; x_wconf 72' lang='lat'><strong>*¹</strong></span> <span class='ocrx_word' id='word_1_328' title='bbox 108 3529 266 3585; x_wconf 67' lang='lat' dir='ltr'><strong>Gnathia</strong></span> <span class='ocrx_word' id='word_1_329' title='bbox 639 3529 707 3579; x_wconf 86' lang='lat' dir='ltr'><strong>Flor.</strong></span> <span class='ocrx_word' id='word_1_330' title='bbox 724 3525 1144 3598; x_wconf 83' lang='lat' dir='ltr'><strong>eod.aliamanus,sedantiqua,</strong></span> 
     </span>
     <span class='ocr_line' id='line_1_38' title="bbox 135 3599 1147 3674; baseline 0 -15"><span class='ocrx_word' id='word_1_331' title='bbox 135 3606 352 3661; x_wconf 59' lang='lat' dir='ltr'><strong>warentiam.</strong></span> <span class='ocrx_word' id='word_1_332' title='bbox 363 3600 420 3655; x_wconf 84' lang='lat' dir='ltr'><strong>MS.</strong></span> <span class='ocrx_word' id='word_1_333' title='bbox 436 3603 512 3671; x_wconf 66' lang='lat' dir='ltr'><strong>rip-J.</strong></span> <span class='ocrx_word' id='word_1_334' title='bbox 524 3599 607 3654; x_wconf 83' lang='lat' dir='ltr'><strong>Gron·</strong></span> <span class='ocrx_word' id='word_1_335' title='bbox 640 3623 748 3672; x_wconf 88' lang='lat' dir='ltr'><strong>superne</strong></span> <span class='ocrx_word' id='word_1_336' title='bbox 758 3603 877 3674; x_wconf 86' lang='lat' dir='ltr'><strong>adposuit</strong></span> <span class='ocrx_word' id='word_1_337' title='bbox 892 3621 974 3672; x_wconf 79' lang='lat' dir='ltr'><strong>agere.</strong></span> <span class='ocrx_word' id='word_1_338' title='bbox 991 3604 1056 3658; x_wconf 86' lang='lat' dir='ltr'><strong>Bud.</strong></span> <span class='ocrx_word' id='word_1_339' title='bbox 1067 3606 1147 3659; x_wconf 85' lang='lat' dir='ltr'><strong>habet</strong></span> 
     </span>
     <span class='ocr_line' id='line_1_39' title="bbox 31 3681 1144 3750; baseline -0.004 -10"><span class='ocrx_word' id='word_1_340' title='bbox 31 3704 35 3728; x_wconf 86' lang='lat'><em>¹</em></span> <span class='ocrx_word' id='word_1_341' title='bbox 109 3687 264 3739; x_wconf 66' lang='lat' dir='ltr'><strong>mundius.</strong></span> <span class='ocrx_word' id='word_1_342' title='bbox 278 3682 406 3737; x_wconf 81' lang='lat' dir='ltr'><strong>Absolute</strong></span> <span class='ocrx_word' id='word_1_343' title='bbox 418 3698 520 3733; x_wconf 85' lang='lat' dir='ltr'><strong>censere</strong></span> <span class='ocrx_word' id='word_1_344' title='bbox 531 3683 608 3732; x_wconf 86' lang='lat' dir='ltr'><strong>etism</strong></span> <span class='ocrx_word' id='word_1_345' title='bbox 641 3696 739 3745; x_wconf 79' lang='lat' dir='ltr'><strong>tacere,</strong></span> <span class='ocrx_word' id='word_1_346' title='bbox 758 3698 789 3731; x_wconf 83' lang='lat' dir='ltr'><strong>ex</strong></span> <span class='ocrx_word' id='word_1_347' title='bbox 802 3698 854 3750; x_wconf 88' lang='lat' dir='ltr'><strong>quo</strong></span> <span class='ocrx_word' id='word_1_348' title='bbox 873 3699 895 3730; x_wconf 87' lang='lat' dir='ltr'><strong>r.</strong></span> <span class='ocrx_word' id='word_1_349' title='bbox 915 3698 949 3730; x_wconf 90' lang='lat' dir='ltr'><strong>m.</strong></span> <span class='ocrx_word' id='word_1_350' title='bbox 969 3681 1030 3733; x_wconf 79' lang='lat' dir='ltr'><strong>fecit</strong></span> <span class='ocrx_word' id='word_1_351' title='bbox 1049 3696 1144 3737; x_wconf 85' lang='lat' dir='ltr'><strong>tacens.</strong></span> 
     </span>
     <span class='ocr_line' id='line_1_40' title="bbox 109 3759 1145 3829; baseline 0 -13"><span class='ocrx_word' id='word_1_352' title='bbox 109 3777 143 3816; x_wconf 81' lang='lat' dir='ltr'><strong>cst</strong></span> <span class='ocrx_word' id='word_1_353' title='bbox 151 3767 188 3829; x_wconf 80' lang='grc'><strong>13,</strong></span> <span class='ocrx_word' id='word_1_354' title='bbox 195 3767 290 3817; x_wconf 67' lang='lat' dir='ltr'><strong>come</strong></span> <span class='ocrx_word' id='word_1_355' title='bbox 298 3759 606 3825; x_wconf 63' lang='lat' dir='ltr'><strong>damnaqus&#39;censmnt.</strong></span> <span class='ocrx_word' id='word_1_356' title='bbox 641 3761 721 3814; x_wconf 77' lang='lat' dir='ltr'><strong>Boxh.</strong></span> <span class='ocrx_word' id='word_1_357' title='bbox 732 3760 836 3811; x_wconf 86' lang='lat' dir='ltr'><strong>volebat</strong></span> <span class='ocrx_word' id='word_1_358' title='bbox 845 3760 957 3828; x_wconf 82' lang='lat' dir='ltr'><strong>placere.</strong></span> <span class='ocrx_word' id='word_1_359' title='bbox 967 3760 1078 3814; x_wconf 87' lang='lat' dir='ltr'><strong>Hillcrus</strong></span> <span class='ocrx_word' id='word_1_360' title='bbox 1091 3765 1145 3815; x_wconf 83' lang='lat' dir='ltr'><strong>Ra-</strong></span> 
     </span>
     <span class='ocr_line' id='line_1_41' title="bbox 19 3836 1143 3915; baseline 0.001 -20"><span class='ocrx_word' id='word_1_361' title='bbox 19 3863 34 3912; x_wconf 62' lang='lat' dir='ltr'>j</span> <span class='ocrx_word' id='word_1_362' title='bbox 109 3861 141 3895; x_wconf 86' lang='lat' dir='ltr'><strong>so.</strong></span> <span class='ocrx_word' id='word_1_363' title='bbox 159 3841 232 3915; x_wconf 87' lang='lat' dir='ltr'><strong>quod</strong></span> <span class='ocrx_word' id='word_1_364' title='bbox 251 3842 299 3895; x_wconf 75' lang='lat' dir='ltr'><strong>,alti</strong></span> <span class='ocrx_word' id='word_1_365' title='bbox 318 3838 450 3891; x_wconf 88' lang='lat' dir='ltr'><strong>dixissent.</strong></span> <span class='ocrx_word' id='word_1_366' title='bbox 472 3836 609 3890; x_wconf 85' lang='lat' dir='ltr'><strong>Consentit</strong></span> <span class='ocrx_word' id='word_1_367' title='bbox 642 3838 1143 3908; x_wconf 73' lang='lat' dir='ltr'><strong>cem.34.aspere‚utap.Cic.deOrat.</strong></span> 
     </span>
     <span class='ocr_line' id='line_1_42' title="bbox 110 3919 719 3982; baseline -0.015 -4"><span class='ocrx_word' id='word_1_368' title='bbox 110 3921 272 3979; x_wconf 69' lang='lat' dir='ltr'><strong>GuttEss.</strong></span> <span class='ocrx_word' id='word_1_369' title='bbox 644 3919 719 3982; x_wconf 82' lang='lat'>1‚53.</span> 
     </span>
     <span class='ocr_line' id='line_1_43' title="bbox 137 3993 1142 4073; baseline 0 -22"><span class='ocrx_word' id='word_1_370' title='bbox 137 4003 185 4070; x_wconf 81' lang='lat' dir='ltr'><strong>Bt,</strong></span> <span class='ocrx_word' id='word_1_371' title='bbox 193 4011 333 4069; x_wconf 82' lang='lat' dir='ltr'><strong>postquam</strong></span> <span class='ocrx_word' id='word_1_372' title='bbox 346 3994 436 4051; x_wconf 76' lang='lat' dir='ltr'><strong>mauis</strong></span> <span class='ocrx_word' id='word_1_373' title='bbox 450 4006 547 4051; x_wconf 71' lang='lat' dir='ltr'><strong>turena</strong></span> <span class='ocrx_word' id='word_1_374' title='bbox 557 3993 611 4053; x_wconf 80' lang='lat' dir='ltr'><strong>Ve-</strong></span> <span class='ocrx_word' id='word_1_375' title='bbox 675 4000 754 4070; x_wconf 79' lang='lat' dir='ltr'><strong>Quem</strong></span> <span class='ocrx_word' id='word_1_376' title='bbox 770 3994 842 4050; x_wconf 81' lang='lat' dir='ltr'><strong>ittam</strong></span> <span class='ocrx_word' id='word_1_377' title='bbox 857 4004 931 4050; x_wconf 79' lang='lat' dir='ltr'><strong>tanta</strong></span> <span class='ocrx_word' id='word_1_378' title='bbox 950 3995 1065 4058; x_wconf 77' lang='lat' dir='ltr'><strong>superbia</strong></span> <span class='ocrx_word' id='word_1_379' title='bbox 1082 4015 1142 4073; x_wconf 45' lang='lat' dir='ltr'><strong>esse·</strong></span> 
     </span>
    </p>
   </div>
   <div class='ocr_carea' id='block_1_6' title="bbox 251 4101 996 4160">
    <p class='ocr_par' dir='ltr' id='par_1_6' title="bbox 251 4101 996 4160">
     <span class='ocr_line' id='line_1_44' title="bbox 251 4101 996 4160; baseline -0.011 -2"><span class='ocrx_word' id='word_1_380' title='bbox 251 4111 284 4160; x_wconf 78' lang='lat'><strong>2.</strong></span> <span class='ocrx_word' id='word_1_381' title='bbox 975 4101 996 4150; x_wconf 82' lang='lat'>2</span> 
     </span>
    </p>
   </div>
   <div class='ocr_carea' id='block_1_7' title="bbox 0 0 1380 4830">
    <p class='ocr_par' dir='ltr' id='par_1_7' title="bbox 0 0 1380 4830">
     <span class='ocr_line' id='line_1_45' title="bbox 0 0 1380 4830; baseline 0 0"><span class='ocrx_word' id='word_1_382' title='bbox 0 0 1380 4830; x_wconf 95' lang='lat' dir='ltr'><strong> </strong></span> 
     </span>
    </p>
   </div>
  </div>
 </body>
</html>
