2662 4830
251 328 295 417 ¹4
601 321 925 398 ANNALIUM
1114 325 1232 369 r.u.0„‚

1114 392 1138 428 Δ.
1148 392 1172 430 C.
1211 420 1216 431 .

244 478 300 526 me
313 451 404 526 idem
416 447 545 549 dicere,
563 451 656 550 quod
670 478 788 526 omnes
803 478 812 525 :
829 485 846 523 a
860 453 1007 557 eleganti
1018 392 1293 556 temperariiento

243 564 331 638 inter
348 564 561 666 conjugalem
574 591 727 637 amorem
739 581 774 637 et
785 568 988 642 senatoriam
1003 572 1250 647 necessitatem.

292 682 340 756 V.
357 679 549 754 Continuus
572 678 652 752 inde
668 695 702 752 et
716 704 825 754 saevus
838 683 1033 757 accusandis
1050 686 1116 759 reis
1135 688 1288 788 Suilius,

243 793 413 894 multique
433 791 580 866 audaciae
605 794 678 892 ejus
702 794 831 866 aemuli.
857 796 951 869 Nam
971 815 1092 874 cuncta
1113 803 1239 903 legum
1255 817 1292 878 et

243 908 507 1010 magistratuum
520 906 639 979 munia
659 907 696 979 in
722 934 756 981 se
777 908 913 983 trahens
931 912 1089 1014 princeps
1107 906 1290 991 materiam

243 1022 417 1124 praedandi
427 1022 635 1122 patefecerat.
646 1025 721 1096 Nec
732 1024 922 1124 quidquam
929 1028 1075 1126 publicae
1083 1032 1208 1105 mercis
1216 1048 1290 1105 tam

243 1136 812 1236 venalefuit,quamadvocatorum
819 1139 1289 1244 perfidiazadeo,utSamius,

243 1249 389 1350 insignis
406 1277 508 1350 eques
529 1275 710 1346 romanus,
733 1251 992 1354 quadringentis
1011 1278 1201 1329 numerum
1212 1248 1291 1331 mil·

243 1362 335 1436 libus
352 1361 462 1436 Suilio
479 1364 591 1461 datis,
613 1383 647 1437 et
669 1363 804 1464 cognita
825 1367 1120 1467 praevaricatione,
1146 1373 1236 1445 ferro
1254 1372 1290 1443 in

233 1477 347 1550 ‘domo
360 1479 433 1577 ejus
450 1478 655 1551 incubuerit.
673 1479 803 1580 Igitur,
826 1478 1008 1579 incipiente
1025 1484 1066 1556 C.
1085 1484 1193 1583 silio,
1212 1512 1291 1559 con·

244 1593 318 1665 sule
338 1590 535 1694 designato,
553 1591 649 1690 cujus
670 1591 713 1664 de
729 1592 881 1690 potentia
901 1613 935 1667 et
957 1595 1060 1668 exitio
1079 1597 1115 1670 in
1136 1613 1292 1699 tempore

245 1706 462 1804 memorabo,
483 1722 694 1806 consurgunt
708 1719 838 1804 patres,
857 1706 1036 1808 legemque
1051 1711 1212 1785 Cinciam
1233 1712 1291 1785 lla-

273 1904 295 1944 8.
311 1899 483 1956 magistratuum
493 1904 578 1944 munia.
596 1899 690 1944 Munera
701 1913 723 1942 r.
734 1913 752 1942 c.
764 1898 913 1956 Agricola·
927 1917 949 1957 9.
964 1903 1087 1947 Materiam
1095 1905 1216 1962 modendi
1226 1915 1291 1961 pate

237 1968 337 2024 jecerat.
346 1976 413 2017 Forte
424 1975 497 2017 iatam
506 1986 587 2016 aream
594 1971 718 2025 predandi.
726 1969 767 2014 sed
779 1969 860 2015 Plinius
871 1977 950 2032 Puneg.
968 1978 1004 2020 tr.
1014 1980 1137 2020 materiam
1148 1986 1172 2022 et
1182 1992 1291 2034 eampum

242 2043 320 2098 alona
327 2047 436 2100 praecipis
442 2053 591 2101 prosternere.
605 2049 642 2097 13,
652 2046 686 2094 8.,
697 2041 815 2086 videbatur
826 2042 888 2086 loeus
898 2047 976 2089 vetuti
983 2049 1120 2102 patefactus.

276 2195 400 2268 Eleganti
423 2206 627 2263 temperamento.
650 2192 754 2244 Etenim
786 2195 872 2244 munia
889 2209 1008 2262 renarras,
1026 2202 1092 2289 geg.
1112 2198 1195 2268 legiam
1216 2201 1244 2250 irs
1263 2216 1291 2251 se

246 2271 301 2325 hec
313 2273 445 2342 duplicem
455 2291 556 2325 sensum
564 2271 675 2323 habent:
690 2271 755 2322 alte·
787 2272 898 2324 trahere.
910 2275 979 2327 Ena.
1030 2292 1033 2301 ·

237 2368 302 2402 -rnm
315 2351 422 2422 dignum
432 2370 517 2405 amore
526 2350 653 2420 conjugali
663 2387 669 2412 ,
679 2366 755 2399 neruo
819 2350 969 2404 Incubueru't.
979 2352 1028 2405 Ed.
1040 2372 1079 2424 pr.
1092 2353 1255 2406 succubuerit.
1266 2366 1292 2406 et

247 2427 397 2483 creditvera
407 2447 539 2500 esse,quae
547 2424 756 2498 Popeeaeobjects
788 2448 848 2481 mox
860 2433 983 2497 potentiae
998 2433 1081 2484 exitio.
1098 2431 1149 2484 Sed
1166 2434 1238 2502 vulg.
1254 2445 1293 2484 est

242 2522 317 2574 sunt,
327 2528 402 2562 nemo
414 2509 625 2581 probatsaetunr,
635 2525 681 2559 nec
690 2524 753 2576 eg03
784 2507 838 2579 jam
848 2526 890 2578 ap,
904 2509 1081 2562 Puteolanum.
1092 2509 1160 2573 Euat.
1171 2509 1239 2561 Bud.
1252 2511 1292 2560 iu-

244 2587 355 2641 alterurn
379 2591 494 2659 periculo
517 2588 623 2641 vitando
646 2600 754 2658 aptum:
788 2587 907 2640 cubuerit.

245 2663 322 2716 credo
330 2704 337 2727 ,
346 2684 403 2736 quae
414 2667 515 2735 objecta
526 2679 600 2725 sunt,
617 2678 643 2716 et
653 2663 753 2728 eadem,
819 2669 974 2720 Memorato.
985 2667 1050 2719 Vide
1062 2686 1086 2720 e.
1100 2685 1137 2718 12.
1148 2680 1174 2718 et
1184 2668 1225 2719 35.

244 2757 301 2810 quae
311 2743 389 2793 ceteri
401 2755 542 2804 senatores,
552 2741 672 2792 decerno.
685 2742 753 2791 Ele·
818 2750 958 2817 Legemque
964 2745 1293 2816 Cincinmflegitant.Certs

241 2819 332 2885 gartia
341 2831 427 2870 antem
437 2832 475 2870 est
484 2822 510 2871 in
520 2837 565 2880 eo,
584 2818 659 2890 quod'
668 2818 755 2886 figura
787 2840 816 2875 ea
826 2825 953 2891 scriptura
960 2842 991 2873 ex
1003 2824 1075 2875 libris
1084 2836 1109 2874 et
1118 2823 1232 2876 historie.
1244 2825 1294 2876 Le·

244 2909 283 2948 est
297 2899 323 2947 in
334 2896 375 2949 his
385 2896 472 2951 verbis
478 2935 486 2959 ‚
498 2910 527 2948 ut
548 2895 688 2949 Suetonius
704 2916 754 2948 vo·
788 2916 844 2968 gem
855 2896 887 2948 de
895 2898 970 2950 donis
981 2911 1007 2949 et
1020 2898 1168 2951 muneribus
1180 2901 1293 2968 (mune-

244 2973 753 3046 ouresolet,eaquoprudenteradhibita;
788 2977 866 3027 ralem
874 2976 1166 3048 aptePlautusdixitap.
1174 2979 1292 3048 Festum)

243 3059 271 3109 in
281 3075 334 3128 quo
341 3059 398 3126 ipso
408 3068 447 3107 est
454 3054 588 3124 elegantia.
599 3055 709 3106 Tirones
718 3054 756 3106 vi·
789 3053 850 3105 tulit
863 3052 902 3103 Μ.
910 3052 1015 3105 Cincius
1023 3055 1085 3107 trib.
1100 3055 1137 3124 pl.
1148 3072 1171 3105 a.
1187 3055 1222 3108 U.
1234 3056 1292 3124 549.

244 3136 323 3189 deant
333 3135 441 3188 Clavem
449 3133 535 3186 Cicer.
545 3135 572 3183 in
581 3132 608 3184 h.
618 3152 644 3184 r.
655 3133 754 3196 Rivius,
788 3131 886 3182 Retulit
894 3132 987 3182 itemm
993 3135 1126 3202 Augustus
1141 3151 1294 3188 maneseen·

244 3215 368 3287 deeeptus
396 3215 490 3267 vitiosa
523 3213 754 3282 interpunctione,
788 3221 840 3259 tem
849 3210 1288 3272 vetustate,etlirmavitnovocon·

243 3296 311 3346 idem
322 3293 424 3346 dicere:
434 3293 505 3359 quod
518 3309 604 3341 omues
615 3303 665 3342 ete.
678 3287 754 3341 addi·
787 3287 855 3337 sulto
868 3298 976 3337 senatus.
992 3286 1043 3337 Dio
1058 3287 1102 3353 54,
1117 3288 1227 3349 r8.,1tei
1238 3288 1294 3342 coir

244 3369 284 3423 dit
292 3371 326 3422 de
339 3389 385 3423 sno
394 3367 551 3437 interpretati
559 3380 626 3418 sunt.
641 3366 754 3418 Omnino
788 3366 883 3432 ῥύτορα
898 3365 1008 3430 esseest
1028 3366 1194 3431 cureyopnirsr
1204 3368 1235 3429 ,i
1252 3387 1292 3417 es-

244 3450 354 3519 pessime
364 3449 390 3498 in
401 3445 448 3499 hac
456 3443 568 3497 editione
578 3456 664 3495 textus
674 3445 756 3494 inter·
786 3447 954 3512 apenninus,
969 3444 1025 3494 ὅσοι
1040 3446 1069 3494 ἂν
1082 3444 1209 3508 λάβωσιν,
1224 3447 1292 3498 iari-

246 3541 357 3599 punctus
367 3539 420 3578 est:
431 3524 476 3578 sed
485 3525 539 3577 lere
548 3535 578 3575 ut
585 3525 612 3576 in
620 3523 755 3575 Puteolani
787 3542 829 3575 rur
840 3523 957 3573 inlaturi.
968 3521 1039 3573 Noto
1052 3539 1097 3583 eo,
1108 3522 1198 3591 nequis
1212 3524 1293 3574 mire·

246 3605 371 3658 editione.
381 3605 450 3657 Ena.
787 3613 843 3662 tur,
857 3617 917 3650 curn
926 3596 1089 3667 plebiscitum
1099 3597 1191 3659 fuerit,
1204 3602 1294 3651 vocari

277 3683 473 3750 Magistratuum
479 3680 571 3731 munia.
580 3679 683 3731 Parnes.
691 3697 754 3731 nece
787 3678 1032 3750 senatusconsultum
1042 3695 1057 3727 a
1068 3677 1160 3728 Tacito
1172 3680 1216 3740 13,
1236 3680 1293 3745 ἀι,

244 3759 322 3810 refert
333 3777 381 3827 pro
389 3757 483 3808 munia.
492 3756 574 3808 Deleo
584 3769 750 3810 veroutrum-
786 3758 854 3827 Ejus
872 3753 1032 3823 opprimendi
1052 3755 1138 3825 gratia
1165 3757 1294 3822 repetissem

245 3833 755 3908 qne,utglossems:scriboque,euncte
787 3835 986 3888 endetanrst'.
996 3851 1123 3901 poenaque
1131 3834 1224 3886 Cincioe
1231 3836 1296 3905 legis

246 3917 327 3986 legion
336 3927 362 3964 et
368 3915 560 3982 magistratuum
568 3913 632 3963 inse
642 3912 754 3964 nahem.
788 3913 972 3972 adversanos,
982 3911 1028 3976 qui
1030 3910 1112 3979 pretio
1119 3927 1223 3964 caruem
1233 3931 1295 3965 oru-

247 3991 314 4045 ers.
326 3990 405 4044 Male.
414 3988 499 4060 Supra
508 4007 520 4043 s
529 4027 537 4055 ,
545 4005 569 4040 2.
577 3987 610 4042 de
620 3991 755 4059 Augusto:
788 3991 891 4042 vissem.
902 3989 937 4042 Et
947 3987 1033 4041 Plinio
1043 4005 1088 4056 ep.
1099 3986 1129 4053 5,
1138 3991 1295 4050 21.‚0aurss
