2662 4830
146 286 286 377 un...
504 332 812 440 cissam„
906 406 911 415 ,
1117 338 1159 430 41

161 396 273 449 soa.

123 466 255 567 magnis
267 462 401 537 delictis
413 462 657 539 idexoiabilem
670 465 770 553 scias,
787 463 843 535 cui
855 476 990 544 tantum
1009 466 1166 565 asperita-

120 584 166 656 tis
180 585 285 658 etiam
296 584 456 658 adversus
468 584 553 658 levia
572 585 782 658 credebatur.

154 701 272 772 XIX.
285 697 607 773 Ceterumisterror
619 697 746 771 milites
757 697 1165 798 bostestpieindiversum

122 811 257 885 adfecit.
271 815 346 887 Nos
358 812 520 886 virtutem
544 811 700 884 auximus
715 838 725 884 s
740 811 877 885 barbari
897 811 1055 885 ferociam
1065 812 1166 886 infre-

118 927 365 1026 gereEtnatio
373 927 563 1000 Frisiorum
574 926 891 1025 postscbcllionem,
901 927 995 1029 clade
1003 928 1045 999 1..
1053 928 1165 1025 Apro·

118 1039 170 1110 nii
184 1060 352 1138 coeptam,
367 1039 513 1129 infensa,
527 1058 586 1112 aut
598 1039 688 1112 male
700 1039 783 1128 sida,
797 1039 886 1111 datis
897 1039 1074 1127 obsidibus
1086 1065 1165 1112 con-

119 1151 207 1224 sedit
224 1153 315 1251 apud
328 1179 447 1253 agros,
466 1181 487 1226 a
507 1152 703 1227 Corbulone
719 1151 919 1251 descriptos.
941 1152 1039 1226 Idem
1064 1158 1164 1226 sena-

119 1281 213 1355 tum,
226 1267 456 1368 magistratus
468 1267 558 1368 leges
571 1266 737 1366 imposuit
747 1291 755 1337 :
765 1294 815 1362 ao,
833 1293 876 1339 ne
887 1268 977 1365 jussa
990 1257 1161 1364 exuerent,
1200 1269 1203 1275 ’

120 1381 319 1478 praesidium
335 1374 553 1470 immunivit3
571 1381 703 1481 missis,
723 1381 785 1482 qui
795 1382 941 1481 majores
953 1379 1108 1453 Chaucos
1120 1380 1165 1454 ad

119 1493 330 1568 deditionem
353 1496 565 1594 pellicerent,
583 1495 688 1567 simul
703 1494 926 1568 Gannascum
942 1493 1023 1567 dolo
1039 1495 1163 1597 adgre-

118 1606 290 1682 derentur.
306 1611 382 1682 Nec
397 1609 503 1682 irritae
523 1624 582 1682 aut
595 1608 775 1709 degeneres
791 1607 1032 1684 insidiae‘fuere
1048 1608 1165 1683 adver·

149 1812 180 1851 ³3.
196 1809 240 1852 Cui
253 1818 339 1854 tanturn
348 1812 461 1866 asperitas
471 1812 542 1854 etiam
556 1808 663 1854 adversus
675 1810 735 1853 levia
746 1808 884 1854 credebatur.
897 1809 1040 1856 &emendum
1051 1809 1160 1854 adversus

125 1880 180 1922 levia
187 1894 201 1923 e
212 1894 238 1924 re
247 1881 380 1929 vulebasur:
388 1885 414 1926 vi
420 1881 443 1925 in
453 1880 707 1938 videbatursbsorptum
719 1894 731 1923 s
741 1879 809 1924 simili
818 1881 900 1939 syllaba
909 1881 932 1925 in
944 1883 1014 1926 levia.
1025 1879 1081 1926 Risi.
1093 1885 1119 1934 t,
1131 1899 1162 1933 ι.,

119 1952 195 2004 quippe
206 1954 302 2008 opperiri
320 1954 408 1997 auxilia
419 1962 442 1997 et
456 1952 545 1996 trahere
556 1951 639 1993 bellum
652 1964 666 1993 e
680 1964 705 1993 re
716 1950 840 1996 videbatur.
850 1958 882 1996 lta
892 1952 1031 1998 mribendum
1045 1966 1109 1999 sere
1121 1953 1162 1996 sb·

120 2038 218 2087 sosptem
229 2039 276 2074 erat
287 2031 315 2076 ab
325 2032 408 2076 ultimis
421 2028 508 2089 syllabis
518 2021 562 2070 ‘toi
573 2029 671 2072 trahere.
683 2033 712 2073 Ut
726 2038 748 2073 et
762 2016 798 2084 is,
813 2032 844 2075 ιθ.
854 2061 861 2085 ,
872 2031 964 2075 obtineri
975 2031 1052 2074 relicto
1066 2029 1162 2086 ibiproe·

123 2102 180 2146 sidio
188 2118 202 2146 e
210 2118 236 2148 re
245 2108 318 2150 visum
328 2121 336 2148 :
345 2105 384 2150 ubi
391 2120 432 2150 nos
441 2103 499 2149 vide.
511 2105 540 2147 In
551 2117 599 2146 rem
606 2103 744 2160 famamque
755 2104 873 2149 videbatur
880 2105 936 2151 Risi.
948 2109 959 2147 3
968 2135 975 2158 ,
984 2105 1006 2148 6.
1015 2123 1042 2143 ι-
1052 2108 1087 2158 tt.
1098 2104 1163 2148 Proe·

121 2175 200 2219 sidium
210 2180 341 2222 irnmiunivit.
353 2183 390 2232 14,
407 2183 453 2230 30„
465 2175 595 2230 presidium
606 2178 704 2232 imponit.
718 2179 742 2230 4,
752 2178 916 2232 49.,obsidium.
922 2179 988 2233 eoepit
993 2190 1036 2231 per
1040 2176 1160 2233 pmstdta;

121 2257 167 2299 quoe
175 2257 296 2303 opportune
305 2251 358 2301 jam
370 2249 491 2293 nurniebat.
498 2245 537 2290 obi
545 2245 592 2305 lege
603 2246 763 2300 muniebat,
775 2248 811 2292 vel
819 2250 970 2293 immunierat.
979 2247 1039 2294 vidit
1048 2248 1094 2293 illio
1103 2261 1162 2292 non·

127 2315 177 2363 nihil
188 2320 289 2365 Freinsb.
301 2329 323 2364 et
330 2321 365 2366 hic
374 2327 444 2367 Gron.
476 2327 478 2331 ’

121 2461 552 2523 uceta‚baesitantelibrarioutrum
560 2477 624 2529 psae-
655 2461 735 2529 picari
752 2462 846 2530 possis,
864 2464 967 2533 antique
981 2463 1059 2514 fuisse
1078 2462 1160 2512 endo·

122 2535 212 2600 ferres,
238 2552 376 2609 utrumque
398 2537 541 2606 adsumpsit,
566 2536 623 2606 Ego
655 2539 766 2590 munivit.
776 2540 822 2592 Uti
830 2540 898 2610 apud
907 2542 1102 2611 Livium5,39.,
1113 2543 1161 2593 Ju-

122 2615 219 2684 quidem
227 2618 270 2670 bio
278 2617 452 2685 molismsalso
462 2629 545 2668 aucta.
555 2615 621 2665 Ltus.
656 2629 781 2666 veritatem
788 2617 922 2668 militarem
929 2629 1079 2686 senonisque
1085 2618 1162 2668 robur·

122 2687 213 2744 Veneta
222 2693 302 2746 editio
313 2707 351 2747 est
359 2694 477 2755 biviana,
489 2695 515 2743 in
524 2707 575 2762 qua
586 2693 622 2743 sic
654 2694 681 2744 in
686 2712 771 2746 arcem
778 2695 974 2766 Capitoliumque
980 2696 1160 2750 conscendere.-

124 2779 162 2818 cst.
177 2769 303 2822 EdsPus.
316 2772 388 2836 jacta
397 2769 442 2822 vei
456 2783 541 2820 aucta.
553 2767 621 2819 Eun.
656 2775 782 2842 armisque
802 2789 827 2826 et
841 2775 977 2842 frumento
994 2778 1109 2842 collatis,
1128 2796 1161 2829 ee

125 2843 179 2899 Bud.
188 2862 262 2914 acta,
272 2863 301 2901 ut
309 2851 376 2902 Flos.
387 2848 489 2901 Puteol.
496 2850 570 2920 jacta
580 2848 625 2897 vel
655 2852 710 2902 ioco
723 2850 782 2902 inde
792 2853 886 2904 munito
896 2852 957 2904 deo'e
967 2852 1127 2923 hominesque
1137 2867 1164 2906 et

126 2926 622 2995 amasiamulcissi.sed1shen.jaesa.
654 2944 784 2979 mmanum
796 2947 885 2979 nomen
901 2930 1048 2998 defendere.
1067 2930 1160 3001 Scrip—

127 2999 172 3074 Bip.
186 3008 327 3077 praeferunt
337 3021 421 3059 aucta.
654 3003 744 3067 serim,
757 3004 925 3058 endomunito.
940 3009 1008 3058 Lim.
1028 3006 1101 3058 Nihil
1118 3007 1161 3058 bio

152 3083 203 3132 Nos
216 3086 336 3134 virtutem
350 3084 474 3134 auximus.
487 3083 582 3135 Vereor
591 3096 622 3134 ut
654 3079 853 3134 sollicitandum.
874 3082 942 3135 Nam
957 3083 1044 3136 eadem
1061 3085 1101 3135 vis
1123 3097 1162 3136 est
1252 3107 1256 3113 ·

129 3158 493 3228 scripserit,oirsuteauximus.
502 3157 622 3228 Augendi
653 3156 735 3219 verbi,
742 3158 1028 3228 quamcorrcotionibus
1035 3174 1160 3230 querunt.

130 3234 224 3287 rabum
237 3235 352 3306 patiendi
362 3236 523 3307 significatu,
538 3250 568 3287 ut
578 3238 620 3287 iu·
653 3231 697 3286 Sic
710 3232 782 3286 Suet.
799 3235 859 3287 Tib.
875 3238 914 3305 39.
929 3237 955 3286 in
972 3237 1109 3302 pretorio,
1121 3240 1163 3289 cui

131 3309 241 3366 iraLos.
255 3316 334 3367 Recte
350 3314 619 3369 dissentitMercerus.
653 3310 787 3376 Spelunca
813 3329 918 3376 nomen,
943 3314 1088 3364 incenante
1115 3331 1160 3377 eo,

134 3386 189 3444 bau.
652 3387 782 3452 complura
797 3406 876 3457 eaque
889 3389 1009 3463 ,inpensa
1027 3389 1161 3454 sancfor-

156 3469 212 3520 Post
225 3471 395 3522 rebellionem.
406 3471 482 3536 Non,
492 3484 521 3522 ut
531 3490 621 3543 recep·
651 3468 714 3517 tuito
724 3483 830 3534 superne
840 3467 951 3534 delmi
958 3481 1025 3519 sunt.
1037 3467 1075 3520 Ut
1083 3469 1162 3519 inem·

134 3554 175 3597 tum
183 3587 190 3609 ‚
199 3568 248 3615 per
262 3549 347 3600 sabell,
365 3550 478 3602 Historia
495 3553 550 3620 ipsa
562 3569 621 3602 nar.
651 3558 729 3597 nante
739 3563 768 3597 eo
775 3584 784 3608 ,
796 3558 834 3598 est
844 3563 924 3616 quum
938 3545 1034 3598 ibidem
1046 3561 1158 3601 coenarot

134 3627 209 3691 aaut„
223 3627 262 3694 73.
273 3627 341 3677 Lm.
355 3625 486 3679 Posscod.
500 3628 568 3680 flor.
579 3627 620 3680 ed.
651 3623 710 3688 ille,
722 3627 759 3677 sic
768 3627 909 3677 immunirit
919 3638 956 3676 esi
968 3624 1065 3677 ibidem
1075 3629 1160 3681 mnni-

135 3703 223 3764 pesa
238 3721 252 3753 a
266 3702 408 3757 Puteolano
419 3703 560 3758 inductum.
573 3705 620 3758 ld·
653 3705 701 3756 vit.
722 3702 813 3756 Gnosi.
833 3702 968 3755 Acidalius
988 3698 1133 3775 conjecerat
1149 3726 1157 3758 s

136 3777 333 3844 quebabetetiam
344 3781 432 3836 Guelf.
445 3802 505 3835 mox
516 3797 544 3836 et
554 3788 621 3837 maie
652 3783 715 3834 inibi
734 3782 845 3834 munivit.
871 3781 940 3833 Eas.
961 3781 1023 3835 Bud.
1045 3786 1158 3837 inmuni-

126 3849 153 3914 s
160 3853 219 3909 Eas.
232 3857 294 3910 Bud.
300 3872 365 3925 post.
653 3861 696 3910 uit.
1152 3892 1154 3898 ·

160 3931 298 3986 Presidium
317 3937 464 3988 immunivit.
482 3936 522 3988 Ita
541 3935 617 3995 MSS,
683 3939 828 4007 Degeneres
847 3937 954 3988 insidia.
970 3937 1030 3990 Nou
1047 3939 1157 4010 indignae

137 4004 166 4054 At
177 4010 237 4080 voigi
253 4012 343 4077 lectio,
356 4015 415 4066 inde
425 4015 537 4067 munivit.
555 4012 618 4069 Sus·
650 4020 751 4071 nomine
770 4034 888 4086 romano,
917 4031 961 4070 aut
981 4019 1039 4087 ipso
1055 4018 1159 4073 Corbu·
1196 4029 1201 4037 “
