2662 4830
207 337 256 427 u
553 282 879 407 luuncruu
1066 334 1179 379 sva-

1065 401 1162 452 acas

207 483 320 538 tamen
337 463 504 563 triumphi
515 460 660 537 indulsit
672 464 800 551 Caesar,
825 464 980 563 quamvis
992 466 1124 540 bellum
1135 494 1264 568 nega-

206 577 317 651 risset.
336 581 411 652 Nec
425 578 534 650 multo
549 580 626 676 pcs't
639 577 777 650 Curtius
790 580 903 651 Rufius
917 580 1065 654 eundem
1077 581 1278 655 honoreus
1314 642 1316 646 ,

207 691 417 792 adipiscitur,
432 691 492 790 qui
505 690 540 761 in
551 717 633 791 agro
643 690 809 763 Mattiaco
820 693 999 767 recluserat
1010 720 1129 794 specus
1147 720 1298 795 quse-

205 806 319 877 rendis
331 804 425 878 venis
438 803 586 904 argenti5
599 803 690 876 unde
698 803 809 876 tenuis
821 805 951 879 fructus
959 861 969 895 ,
978 835 1040 880 nec
1051 808 1087 880 in
1101 809 1306 911 lungun,

207 917 273 989 luit
289 944 297 990 :
311 935 346 990 at
365 916 556 1017 legionibus
575 943 655 989 cum
679 916 806 989 damno
831 918 943 1009 labor,
962 920 1111 994 effodere
1131 920 1306 1023 riuus,-

207 1058 351 1131 quaeque
363 1031 399 1102 in
408 1030 658 1132 apertogravia,
670 1029 816 1103 humum
824 1030 913 1105 iufra
926 1034 1054 1115 moliri.
1059 1036 1152 1139 Quis
1165 1032 1313 1137 sulib*

207 1164 300 1217 actus
313 1144 427 1233 miles,
441 1161 474 1219 et
492 1145 573 1246 quia
594 1146 708 1244 phues
726 1171 787 1242 per
800 1146 991 1243 provincias
1009 1146 1139 1223 similia
1155 1148 1316 1225 tole-

206 1258 378 1349 rabautur,
387 1260 563 1359 componit
574 1260 721 1332 occultas
729 1258 854 1357 literas,
870 1261 1008 1336 nominc
1017 1261 1316 1353 exercittmmffl

206 1372 417 1471 precantium
430 1373 687 1472 imperatorem,
704 1386 764 1469 ut,
783 1399 800 1442 u
812 1372 937 1471 quibus
948 1375 1180 1475 permissurus
1192 1402 1320 1450 θεν·

207 1502 257 1559 set
271 1487 451 1578 exercitus,
465 1486 687 1586 triumphalia
701 1501 778 1558 ante
790 1486 964 1561 tribueret.
980 1518 1000 1557 u

250 1604 357 1675 ‘XXL
371 1605 422 1675 De
436 1602 567 1702 origine
582 1599 694 1675 Curtii
708 1601 809 1689 Rufi,
825 1628 926 1700 quem
944 1602 1132 1704 gladiatore
1145 1600 1326 1705 geni!

207 1818 300 1871 fluvios
319 1837 399 1871 xxrrr.
420 1820 565 1872 milliarium
585 1817 708 1869 interval·
741 1819 1195 1889 c-21.patet‚triumphiiusigniansc
1214 1846 1235 1864 »ι
1300 1830 1327 1849 ‘¹

207 1898 271 1949 lum.
287 1898 370 1968 Supra
386 1916 475 1969 agrum
488 1899 625 1958 Batavum,
643 1898 709 1947 inter
742 1897 1328 1964 antequaminrtfrieamveniuetuuff

208 1974 308 2026 Mosam
318 1989 344 2026 ct
354 1975 434 2028 adhuc
443 1979 569 2045 integrum
578 1973 708 2033 Rhenum,
742 1972 805 2024 Bud.
823 1975 981 2027 machinabo.
1000 1978 1031 2028 ln
1044 1977 1134 2030 uaria
1149 1976 1327 2048 srgcntj

208 2072 262 2106 esse
272 2073 322 2105 nou
333 2057 432 2124 potuit:
444 2056 564 2125 quoniam
577 2053 630 2103 illic
642 2063 709 2102 certe
742 2051 841 2103 fodinas
852 2067 938 2106 extare
947 2053 1086 2126 hodieque,
1098 2070 1202 2118 notum,

208 2310 298 2353 muru,
316 2303 345 2342 nt
363 2293 455 2343 fossam
471 2309 527 2342 cam
547 2287 709 2360 perduxerit,
743 2278 864 2332 Ceterum
872 2283 1328 2355 metiusputatntelligifmffi

208 2386 260 2440 qua
275 2369 411 2420 commeari
428 2385 442 2418 a
457 2369 531 2419 Mosa
548 2363 580 2417 ad
593 2362 710 2417 Rhenum
742 2357 965 2430 quibusaquarum
972 2363 1163 2416 riviemetallis
1170 2362 1291 2423 dedu!
1313 2382 1323 2394 ·

207 2459 306 2516 posset,
317 2464 349 2496 ne
359 2442 575 2514 Oceanipericula
580 2458 709 2493 necessum
746 2448 844 2486 cantur·
857 2437 928 2489 Etru.

207 2535 273 2575 esset
288 2521 389 2592 subire)
402 2542 452 2574 non
459 2523 550 2592 placet.
562 2518 648 2571 Multo
658 2518 709 2568 mi·
778 2515 957 2582 Triumphalia
970 2530 1028 2567 ante
1047 2518 1207 2590 tulliam
1221 2537 1246 2571 η
1257 2528 1308 2562 a

206 2617 255 2650 nus
273 2600 413 2651 Ferratus:
436 2602 480 2670 qui
504 2600 621 2665 asclepae
640 2607 708 2647 certe
741 2594 1295 2667 triumphaliumconseqaendorumcsufl·

208 2675 272 2735 tuit,
285 2692 343 2725 cum
359 2675 460 2726 Mosam
478 2676 519 2727 hic
532 2693 591 2726 cum
601 2671 709 2724 Mosella
742 2692 769 2725 sa
777 2673 902 2726 militibus
910 2675 1176 2741 molestiascreurcnt,
1187 2696 1280 2750 qun-

208 2751 339 2812 consudit,
351 2765 376 2802 ct
387 2772 417 2806 m
425 2756 538 2819 scripsit,
549 2771 604 2822 quae
612 2750 710 2802 rideant
741 2754 779 2804 les
786 2752 902 2805 Corbulo
910 2767 935 2805 et
945 2754 1026 2819 Rufus
1032 2768 1172 2810 orassent.
1179 2756 1269 2809 Em·

207 2829 361 2881 Batavorum
372 2833 452 2898 pueri.
471 2832 540 2881 ers.
557 2832 635 2881 Recte
646 2831 709 2898 Lip-
774 2835 816 2881 De
829 2832 926 2901 origine
940 2834 1018 2885 stanti
1034 2834 1106 2905 Rufi.
1122 2835 1192 2898 Eat,
1207 2834 1262 2907 qui
1320 2864 1328 2893 ς

207 2912 266 2962 sius.
279 2912 306 2959 V
304 2924 476 2962 cramnmrest
484 2924 637 2972 arcerentur,
645 2928 710 2980 pro·
742 2908 1252 2984 hunccensearesseillum,.quimemo-
1310 2900 1324 2979 l

207 2985 368 3046 biberentur,
394 3006 425 3036 ne
449 2985 617 3056 restagnando
639 2987 711 3036 terris
742 2988 806 3037 riam
816 2988 1251 3065 scripsitrerumAlexaudri,purc

208 3060 538 3114 nocerentAdchbserv.
552 3082 573 3125 1,
587 3062 610 3113 5.
623 3058 711 3112 Guou.
744 3061 898 3116 mehercules
915 3078 941 3117 et
955 3067 1040 3119 latine.
1058 3067 1165 3128 Modius
1181 3072 1246 3124 caru
1312 3060 1318 3085 ⁴

208 3139 244 3192 Et
258 3139 294 3190 sic
310 3137 366 3189 edd.
384 3152 449 3189 vett.
471 3138 539 3190 Eun.
557 3139 624 3190 Flor.
645 3139 710 3206 Agr.
742 3153 842 3203 noster,
860 3143 931 3212 cujus
947 3163 1057 3198 censurae
1075 3144 1184 3202 Curtius
1198 3166 1246 3202 nau
1316 3152 1322 3165 '

208 3217 272 3271 Brul.
281 3230 330 3269 etc.
343 3230 499 3268 vetarentur.
742 3217 925 3281 leviterdebet,
932 3233 1052 3273 testatum
1061 3222 1183 3294 reliquit,
1190 3242 1244 3297 ως
1325 3246 1330 3279 ;

241 3299 290 3368 Qui
296 3299 399 3370 inagro.
407 3290 522 3348 Muretus
529 3296 632 3349 volebat
640 3298 709 3364 quia.
741 3314 834 3347 nomen
849 3298 872 3348 ei
888 3297 1063 3352 stastatuta
1079 3299 1162 3355 libris.
1178 3302 1245 3374 Pug-

209 3376 296 3437 Minus
306 3377 378 3430 bene.
742 3392 801 3427 narc
811 3388 894 3427 tarnen
908 3391 968 3428 actas
980 3377 1107 3443 videatur,
1122 3381 1245 3453 siquidem

240 3457 274 3506 In
281 3450 710 3522 agtoMattiaco.Suspectumesse,
743 3451 775 3502 ad
792 3454 938 3522 Augustum
953 3454 1083 3520 referenda
1098 3456 1144 3509 illa
1159 3471 1247 3514 sunt·

206 3547 234 3586 et
247 3536 334 3604 potius
345 3535 476 3595 Maciaco,
486 3534 528 3584 vel
540 3535 665 3601 Mazyaco
674 3534 710 3583 le-
743 3531 811 3583 libro
821 3532 874 3602 ejus
883 3551 925 3597 ro,
934 3551 970 3601 9„
979 3533 1094 3585 Proinde
1098 3537 1162 3603 jure
1169 3541 1245 3591 m.

207 3609 318 3681 gendum
331 3610 413 3662 videri
431 3610 493 3680 (qui
509 3609 599 3681 populi
615 3609 710 3661 Africae
743 3624 816 3680 toque
823 3614 928 3679 populus
939 3631 1001 3664 rom.
1014 3614 1119 3664 salutem
1134 3634 1161 3666 se
1173 3619 1248 3685 μήπ-

207 3689 286 3756 mnt)
299 3687 375 3739 docui
390 3689 417 3739 in
433 3685 536 3738 Satura.
554 3703 587 3749 a,
605 3705 626 3737 1.
644 3687 711 3736 ers.
744 3689 796 3752 cipi
804 3706 846 3739 suo
856 3687 945 3739 debere
952 3689 1093 3758 profitetur,
1101 3693 1142 3742 cui
1152 3696 1247 3760 meris,

208 3765 274 3818 Vide
284 3762 339 3838 quae
346 3766 457 3818 diximus
464 3766 496 3819 de
506 3765 634 3818 Pec.Vet.
646 3765 676 3830 4,
686 3780 711 3832 9.
743 3786 818 3837 quam
826 3785 899 3832 paene
907 3786 1048 3833 supremam
1054 3767 1198 3837 intumus,
1205 3792 1249 3827 rra·

208 3840 299 3896 Gaea.
325 3845 447 3895 Mattiaco
468 3845 553 3912 placet
572 3841 711 3905 Rhenano,
743 3862 797 3894 vum
806 3844 874 3895 sidus
882 3844 973 3894 illuxit.
981 3846 1064 3915 Hujus
1072 3847 1174 3899 hercule
1180 3868 1249 3912 ‚non

209 3922 373 3992 defenditque
383 3922 487 3976 Cluver.
502 3921 591 3976 Germ.
604 3924 668 3974 Ant.
682 3923 711 3986 3,
743 3925 819 3986 solis,
830 3935 897 3974 ortus
908 3924 987 3974 lucem
1001 3925 1125 3996 caliganti
1136 3927 1250 3986 reddidit

210 4001 301 4068 plion
310 4003 337 4056 in
349 4002 440 4055 Africa
453 4003 501 4055 ista
516 4015 595 4073 gesta.
606 4000 685 4073 Quod
699 4019 713 4053 e
745 4001 1252 4077 munda,cumsinesuocapitedisconh
