2662 4830
65 264 72 276 ’
160 345 204 391 22
509 311 830 404 auuanruu
1021 310 1136 383 aaa·

1021 378 1045 417 Δ.
1054 379 1079 416 C.
1116 405 1121 416 .

156 445 327 546 proximas
342 444 559 544 praefecturas
574 441 750 541 corripiat,
767 441 849 514 solis
864 379 1122 517 Seleucensihrii
1137 445 1193 518 do

155 560 379 635 minationem
386 559 459 657 ejus
468 555 707 629 abnuentibus.
720 558 873 656 lnquos,
888 573 929 628 ut
935 557 1103 657 patrissui
1113 587 1194 660 quo·

153 677 428 778 quedelectores,
445 671 497 744 ira
508 669 636 773 magiS,
646 696 751 770 quam
762 697 805 743 aa
815 697 877 743 usu
892 673 1069 771 prasenti,
1082 701 1195 748 acceu-

153 818 228 890 sus,
244 789 439 891 implicatur
458 786 634 859 obsidione
646 785 742 858 rubis
757 783 900 875 valida,
917 801 951 860 at
969 787 1198 862 munimentis

153 908 277 1008 objecti
293 903 421 992 amnis,
437 929 623 1004 muroque,
639 917 673 977 et
692 902 940 975 commeatibus
956 903 1115 975 firmatae.
1132 905 1194 975 lu-

151 1024 253 1097 terim
266 1022 447 1110 Gotarzes,
460 1021 634 1095 Daharum
648 1022 959 1120 Hyrcanorumque
972 1018 1110 1117 opihus
1118 1045 1193 1092 auc-

151 1156 226 1234 tus,
241 1137 372 1208 bellum
391 1155 530 1211 renovat
542 1163 551 1210 ε
564 1154 766 1238 coactusque
778 1138 950 1210 tardares
959 1135 1120 1208 omittere
1131 1136 1193 1209 se-

150 1251 314 1348 leuciam,
330 1251 524 1324 Bactrianos
538 1251 630 1349 apud
642 1277 780 1350 campos
791 1265 898 1324 castra
911 1248 1069 1322 contulit.

200 1367 265 1437 IX.
277 1368 378 1438 Tunc
391 1364 560 1438 distractis
572 1363 728 1440 Orientis
738 1364 889 1462 viribus,
904 1383 956 1460 et,
973 1388 1128 1463 quonam
1141 1361 1193 1433 in.

151 1479 332 1567 clinareut,
347 1480 503 1577 incertis,
519 1506 614 1553 casus
627 1479 824 1553 Mithridati
830 1480 929 1552 datus
940 1494 991 1552 est
1002 1476 1192 1575 occupandi

149 1593 371 1690 Armeniam,
388 1595 422 1666 vi
437 1593 555 1665 militis
574 1592 706 1665 romani
725 1593 768 1664 ad
779 1591 960 1664 excidenda
973 1591 1195 1663 castellorum

89 1693 91 1697 ⁸
149 1707 273 1803 ardua,
301 1707 404 1779 simul
429 1709 527 1780 lhero
551 1706 699 1779 exercitu
718 1732 856 1804 campos
872 1705 1092 1805 persultante.
1115 1707 1192 1778 Nec

148 1821 243 1894 enim
261 1822 414 1896 resistere
425 1820 603 1919 Armenii,
618 1823 711 1919 fuso,
725 1821 788 1922 qui
801 1818 964 1920 proelium
983 1845 1085 1891 ausus
1097 1833 1191 1916 erat,

147 1934 368 2034 Demonacte,
380 1936 758 2036 praelecto.Paullulum
767 1932 990 2009 cunctationis
1000 1935 1193 2009 adtulitrex

147 2048 290 2122 minoris
303 2051 498 2148 Armeniae,
514 2051 619 2150 Cotys
630 2049 752 2147 ,versis
761 2050 845 2122 illuc
856 2049 1062 2150 quibusdam
1075 2075 1191 2148 proce

145 2187 243 2250 rum3
256 2164 334 2237 dein
346 2164 454 2238 litoris
467 2164 611 2237 Caesaris
621 2164 803 2264 coercitus,
817 2183 850 2239 et
862 2185 985 2239 cuncta
995 2165 1031 2237 in
1043 2163 1188 2237 Mithri·

145 2275 248 2348 datan
254 2279 398 2376 duxere,
411 2278 745 2376 atrociorem,quam
757 2305 847 2353 novo
856 2307 961 2382 regno
971 2279 1186 2353 conduceret.

144 2390 196 2463 At
214 2392 332 2466 Parthi
346 2393 585 2493 imperatoreS,
603 2419 683 2466 cum
705 2421 859 2496 pugnam
877 2414 1054 2493 pararent,
1074 2395 1190 2467 foedus

142 2524 282 2605 repente
296 2508 424 2609 iciant,
442 2507 589 2614 cognitis
609 2508 830 2608 popularium
846 2508 999 2608 insidiis,
1013 2533 1099 2608 quas
1115 2511 1189 2583 Go-

140 2669 225 2736 princ.
236 2668 267 2720 Id
275 2669 366 2721 deinde
377 2684 501 2723 mutatum
512 2674 538 2725 iu
545 2685 648 2739 pertar-
712 2674 783 2723 Dein
796 2672 878 2723 literis
886 2673 994 2722 Caesaris
1001 2671 1132 2721 carminis.
1144 2669 1190 2722 Sic

142 2745 199 2807 bat,
210 2747 327 2816 quadrat
338 2751 363 2798 in
371 2749 412 2799 ed.
426 2751 559 2802 Puteolani
571 2771 577 2802 :
590 2769 647 2802 rea·
680 2748 769 2799 al'lor·
778 2748 889 2801 Pichena
900 2767 906 2797 ι
917 2751 954 2800 sio
968 2747 1009 2799 ed.
1026 2766 1067 2817 pr.
1078 2747 1150 2801 Eua.
1161 2760 1188 2798 et

140 2821 216 2872 tituit
242 2821 384 2874 Rhenanus.
402 2825 538 2877 Consentit
558 2826 646 2877 Guelf.
679 2825 743 2876 Bud.

118 2920 120 2925 r
142 2893 212 2946 Enu.
224 2895 288 2946 llud.
297 2900 435 2962 perturbat.
711 2902 805 2961 Foedus
821 2905 1112 2969 reparatesaciant.llou
1121 2907 1188 2957 utin

175 2976 359 3045 Proesectaras.
370 2975 513 3046 satrapias,
523 2979 648 3031 utHero-
678 2978 752 3031 libris
768 2977 867 3042 hodie,
886 2981 998 3050 jaciunt.
1021 2981 1088 3033 Bene
1108 2985 1187 3034 etiam

142 3052 219 3104 dotus
237 3055 386 3124 appellati,
405 3059 648 3125 192.1³raefl0a·a-
679 3056 801 3118 Maurus,
818 3057 905 3109 iciant.
923 3057 1007 3110 Porro
1017 3076 1049 3109 an
1062 3058 1187 3111 hicBar-

141 3141 232 3200 trapa.
243 3130 311 3181 Enu.
679 3135 803 3188 damasit
808 3139 1074 3208 ‚quemineotraotu
1081 3158 1188 3212 ,regens

177 3209 288 3260 Viribus.
299 3209 363 3261 Bud.
370 3212 456 3277 copiis
678 3216 1020 3269 aravisnmetoonvcntum
1029 3218 1190 3288 Apollonius

177 3289 215 3338 Vi
228 3289 313 3339 militis
328 3279 352 3340 r'
374 3290 425 3341 Int
441 3310 581 3354 conversa,
602 3307 647 3345 aut
679 3295 747 3385 apud
758 3293 941 3347 Philostratum
955 3294 1186 3359 dicit1,ar.nes-

140 3368 225 3420 simile
241 3368 317 3438 quid,
336 3368 407 3439 quod
423 3370 511 3422 latet'
504 3391 531 3423 m
543 3374 645 3438 persul-
679 3374 727 3424 cio.
738 3372 954 3442 AEtaapatiatur:
967 3373 1011 3425 sed
1024 3387 1049 3425 et
1064 3373 1187 3426 ihinota-

139 3457 244 3496 tantae
255 3446 551 3516 zouailrarhujuamodi
563 3469 648 3501 exem·
678 3449 721 3506 tur
722 3454 836 3521 ,pulsam
843 3470 898 3503 aum
905 3455 1081 3542 regrrofiriaae,
1095 3470 1187 3506 erier-

140 3526 236 3594 plum
225 3544 428 3594 jamnonunum
440 3527 558 3581 vidimus.
572 3531 646 3580 Gam—
677 3536 738 3585 aum
758 3543 816 3582 tunc
834 3548 928 3582 annam
948 3531 1037 3582 itemm
1056 3549 1185 3601 regnasse.

137 3620 186 3668 pos
206 3606 348 3670 persultare
362 3626 377 3658 e
392 3599 466 3660 Livio
481 3621 519 3660 est
537 3610 584 3676 34,
604 3626 643 3662 ao.
678 3612 746 3662 Liri.
752 3608 900 3660 Ieiuntcod
908 3609 974 3679 Agr.
981 3607 1188 3680 quodnonsper-

128 3700 216 3757 ¹<ruam
232 3703 300 3748 soepe
315 3686 347 3734 in
360 3704 423 3755 agro
442 3705 527 3739 eornm
546 3688 646 3756 impune
678 3686 870 3756 nendumputo.
882 3685 954 3737 Suet.
973 3685 1064 3736 Claud
1075 3687 1116 3738 25.
1125 3688 1187 3752 soa-

135 3763 351 3829 permitavissent.
362 3765 431 3818 Ena.
677 3761 949 3831 dusinjbroicittid.
960 3761 1042 3827 adra,
1053 3767 1093 3817 62.
1102 3765 1186 3821 Exeo

173 3841 307 3892 Necerrim
323 3841 438 3893 resistere
452 3845 581 3898 Armenii.
601 3843 645 3913 Sic
676 3847 773 3897 factum
783 3845 884 3915 jaciant
897 3844 924 3894 in
937 3843 1015 3896 MSS.
1028 3858 1053 3897 et
1067 3845 1125 3898 edd.
1142 3869 1184 3918 pr

140 3915 181 3966 ed.
194 3935 234 3984 pr.
246 3918 346 3970 Puteal.
357 3932 383 3970 et
398 3939 412 3969 e
428 3919 485 3972 cod.
504 3920 566 3974 llud.
576 3907 646 3975 ilhe-
675 3940 732 3994 sqq.
742 3923 811 3976 Eun.
828 3920 920 3972 Bud'
902 3924 1014 4013 jaciunt.
1027 3927 1110 3976 Iciant
1123 3946 1186 3980 cum

138 4011 231 4060 nanus,
247 3997 338 4050 Aldus.
352 3999 405 4050 Alu
416 4001 536 4052 mantare
548 4003 617 4054 Eun.
676 3999 751 4069 Bip.
745 4019 770 4052 m
780 4013 881 4052 textum
890 4018 994 4071 recipio
