2662 4830
20 282 218 366 'tu-n
443 325 710 399 uturum.
847 314 850 321 '
1069 310 1170 424 9¹

102 390 203 440 Mla·
479 438 481 442 .

53 454 231 529 ‘Asiaticus
244 454 292 528 ait
309 480 318 526 :
335 472 368 527 ct
383 454 573 553 usurpatis,
584 453 710 553 quibus
718 451 920 550 insueverat,
939 455 1095 529 exercita·

54 567 230 668 tionibus,
245 570 337 641 lauto
354 594 512 667 corpore,
525 566 633 640 hilare
652 567 824 666 epulatus,
838 594 935 657 cum,
950 595 984 642 se
1004 598 1021 636 tt
1035 568 1094 642 lto

55 817 175 881 Claudio,
194 820 346 871 consultanti
363 834 437 884 super
455 815 558 866 obscat-
591 815 816 866 eundemdolorem
825 815 1093 869 moestaetmiteranda

54 895 120 944 none
135 897 258 960 Asiatici,
280 897 397 948 Vitellius
414 894 439 942 ei
455 893 558 942 libonem
583 893 681 958 J'emet.
691 894 760 946 Eun.

55 975 141 1025 martit
150 977 280 1026 arbitrium
288 974 407 1043 permissit
419 971 474 1023 Viri
488 969 559 1021 docti
634 974 797 1023 Hortantihus
821 974 912 1026 dehinc
936 974 1092 1042 quibusdam.

56 1067 141 1102 omnes
151 1063 253 1102 tantum
266 1054 292 1103 in
302 1050 381 1103 verbo
389 1048 503 1114 permisit
513 1045 559 1096 ad·
590 1049 696 1103 Excidit
706 1052 814 1116 vocula,
824 1068 890 1123 puto
901 1073 908 1104 t
919 1051 1093 1106 scribendum-

55 1124 164 1194 ltaeserc3
188 1129 259 1199 quod
281 1147 328 1198 ego
348 1146 399 1179 non
419 1141 558 1194 repugnem
591 1146 641 1197 que
654 1129 800 1195 quibusdam
817 1130 994 1192 adinediam5
1009 1132 1029 1183 si
1044 1149 1094 1182 non

56 1207 134 1276 accipi
146 1225 221 1276 posse
232 1226 280 1277 pro
287 1209 385 1273 petitur
390 1205 556 1273 permittatur.
591 1206 712 1274 imposuit
723 1207 784 1258 olim
802 1208 865 1258 mihi
883 1205 999 1259 Orbilius
1014 1225 1092 1259 meus.

55 1281 105 1336 sod
126 1289 287 1338 constructio
307 1298 362 1337 tota
383 1286 477 1337 vitiosa
501 1293 558 1344 est,
575 1284 658 1334 ⁴Lres.
674 1284 780 1336 Veteres
794 1285 882 1337 dixere
893 1298 920 1337 et
929 1284 1029 1336 honam
1042 1285 1094 1336 ali-

55 1363 129 1434 ithue
146 1365 231 1417 voluit
245 1366 358 1435 Lipsius,
369 1366 413 1434 qui
427 1362 522 1432 alioqui
532 1374 558 1412 et
591 1382 664 1429 quem
678 1377 704 1414 et
721 1365 820 1416 itamari
833 1366 869 1414 ati
882 1363 984 1433 aliquid
996 1378 1022 1416 et
1032 1364 1095 1416 lior·

55 1442 106 1512 ipse
126 1463 230 1496 sensum
248 1445 299 1496 loci
319 1445 379 1496 satis
400 1442 557 1513 perspexit:
591 1443 1096 1509 tatialiquid.Dedimusauctoritatesex

55 1537 134 1592 neque
148 1524 262 1574 narratio
279 1523 392 1593 perfecta
404 1534 451 1573 est.
468 1520 557 1589 Itaque
591 1521 682 1584 Attio,
693 1520 804 1585 ovidio,
819 1524 922 1575 lustino
937 1523 979 1575 vel
992 1523 1094 1594 Trogo,

56 1602 142 1653 saltem
161 1604 321 1654 consultante
340 1598 493 1670 legendum,
515 1599 558 1651 vel
591 1595 701 1661 Seneca,
712 1597 797 1651 Statio
806 1599 838 1650 ad
848 1599 913 1652 duos
922 1599 1028 1662 horum,
1038 1619 1096 1670 pos·

56 1682 268 1744 consultanttlus,
289 1679 360 1751 quod
378 1697 459 1750 prope
479 1679 558 1748 magis
590 1687 700 1750 tremum
727 1677 879 1729 nominatos.
901 1676 973 1749 (ad
1002 1674 1093 1730 senec.
1142 1686 1145 1696 ⁴

55 1760 136 1828 placet
147 1780 153 1810 τ
163 1773 189 1812 et
200 1774 255 1811 tum
264 1761 379 1827 permisit
389 1760 437 1811 erit
447 1759 557 1829 permit·
591 1773 631 1823 ep.
654 1770 707 1806 121.
730 1754 842 1807 Diauib.
862 1756 888 1808 iu
905 1754 973 1807 Stat.
995 1775 1018 1807 c.
1034 1755 1095 1827 35.)

56 1838 157 1890 tendum
167 1841 268 1891 censuit
284 1858 290 1888 :
305 1856 458 1910 quamquam
475 1838 501 1890 id
517 1839 558 1907 ip-
591 1831 707 1885 Accedat
716 1831 816 1886 Gellius
834 1836 878 1898 13,
891 1835 930 1885 23.
945 1837 1010 1886 Hae
1024 1853 1095 1888 neena

56 1937 106 1970 sum
118 1919 205 1989 aptius
218 1919 301 1980 foret,
314 1920 334 1969 si
349 1918 381 1969 de
396 1917 557 1969 damnatione
590 1911 685 1960 veritas
700 1910 839 1962 Matiani
854 1906 990 1962 hominii„
1003 1947 1010 1960 ·
1021 1949 1027 1961 ·
1037 1910 1097 1978 plot

57 1996 161 2047 Asiatici
178 1994 331 2045 consultatio
347 2006 419 2045 essct.
440 1993 489 2045 Cui
507 1992 557 2045 hoc
590 1987 674 2039 hercle
697 2002 825 2056 promovet
850 1989 888 2039 od
907 1989 1095 2042 exhortandam

57 2091 102 2125 non
120 2075 220 2144 placet,
233 2073 328 2142 poterit
344 2091 404 2124 cum
421 2071 555 2136 Acidalio,
587 2067 772 2129 parcimoniam
796 2066 1015 2134 sustinendamque
1038 2067 1095 2117 ino-

58 2161 231 2202 commemorat
251 2160 398 2199 vetustatem
417 2150 491 2200 amic.
512 2151 556 2219 qui
586 2143 672 2208 piam,
685 2162 761 2211 quam
772 2161 865 2214 ἕνωσιν
875 2146 1023 2215 praesagia.
1041 2147 1096 2197 Ac-

58 2240 134 2281 tamen
144 2230 237 2279 ultima
247 2229 323 2279 etiam
334 2229 370 2278 sic
381 2227 481 2279 ordinat
494 2247 500 2277 t
513 2247 555 2278 se·
589 2217 678 2282 cedat,
694 2233 724 2271 ¹12
740 2223 815 2272 elim
829 2220 993 2287 defendatur,
1011 2221 1096 2291 Vege-

57 2319 107 2356 tuta
121 2317 181 2355 sunt
195 2302 296 2354 Claudii
312 2304 389 2354 verba
407 2304 435 2352 in
448 2303 555 2356 eandem
589 2297 640 2349 iius
655 2317 681 2360 1,
699 2300 1031 2369 23·830P10⁸0rib81¹⁸=])³
1046 2298 1094 2350 ad·

58 2386 208 2435 olemontiam
216 2406 225 2445 ,·
234 2395 258 2432 et
267 2370 369 2433 ἰίὂρηιηι
377 2383 402 2432 ei
409 2384 497 2434 monis
510 2402 555 2434 at·-
589 2374 729 2428 hortatione
746 2380 784 2427 rei
799 2379 915 2430 militaris
935 2397 1096 2448 romanaeque

58 2463 148 2512 livium
160 2461 286 2525 permisit,
296 2459 336 2511 Ex
345 2478 398 2529 quo
407 2477 473 2512 nova
483 2459 554 2511 diffi.
588 2452 696 2503 virtutis¹
717 2455 821 2504 Lemma
840 2454 989 2516 ridiculum,
1012 2458 1112 2527 iuquit⁴

58 2538 132 2589 cultas
142 2538 234 2588 oritur.
250 2535 341 2605 Neque
356 2537 423 2586 euim
434 2550 554 2606 apparet,
588 2530 618 2581 P.
626 2529 770 2583 Scriverius
783 2552 789 2581 ε
802 2531 955 2585 adhortatur
965 2547 1052 2586 auctor
1062 2535 1094 2587 ad

58 2614 112 2682 quid
121 2613 243 2665 Vitellius
254 2612 380 2673 voluerit,
391 2624 415 2663 ct
426 2612 555 2681 quomodo
588 2627 641 2659 rem
659 2610 795 2660 militarem
809 2628 988 2681 romanamque
1004 2614 1090 2664 virtu-

59 2691 239 2744 thsolutionem
248 2689 404 2759 impedierit,
416 2691 485 2760 quod
497 2711 555 2744 sanc
587 2699 657 2754 tem,
674 2707 724 2739 non
735 2691 819 2740 virtus
830 2703 874 2741 aut
884 2691 975 2742 militia
984 2693 1039 2761 ipsa
1051 2693 1093 2744 lo-

58 2769 223 2827 neclacrimis,
232 2784 279 2816 nec
288 2767 435 2818 meritorum
442 2785 556 2819 comme·
587 2769 674 2836 quitur
687 2787 692 2816 :
704 2785 781 2837 quare
792 2768 889 2833 scribe,
904 2768 942 2819 ad
953 2788 1006 2822 rem
1024 2773 1093 2822 mili-

10 2876 12 2891 ·
58 2850 191 2900 moratione
211 2845 266 2896 ficri
288 2846 382 2915 potuit.
400 2846 456 2898 Nec
475 2849 499 2899 ei
519 2849 555 2899 rei
586 2858 665 2897 tarem
682 2864 863 2917 romanamque
878 2849 1004 2900 virmtem.
1022 2853 1062 2903 At
1078 2871 1094 2904 o

58 2926 206 2976 conveniunt
216 2923 427 2993 sequentia,quae
437 2936 554 2994 arguunt,
587 2921 669 2985 bone,
687 2925 731 2994 qui
749 2924 944 2976 adhortaturad
961 2945 1015 2978 rem
1026 2929 1093 2980 mili·
1158 2960 1161 2968 ·

58 2997 555 3068 durioraconsilioluisseQuorsumenim
587 3002 687 3054 litarem
708 3021 889 3075 romanamque
912 3006 1049 3069 virtutem,
1072 3009 1095 3058 is

58 3075 145 3128 Caesari
157 3093 223 3145 opus
233 3073 266 3125 de
282 3076 414 3127 clementia
423 3076 523 3142 dicere,
535 3080 555 3131 si
586 3078 807 3147 juxtacommotle,
819 3095 843 3132 et
851 3084 1001 3153 exquisitius
1009 3086 1092 3148 etiam,

58 3148 84 3202 tle
103 3153 264 3206 absolutione
286 3165 370 3204 actum
393 3167 447 3204 erat
463 3152 475 3203 i
495 3156 555 3219 An,
588 3156 684 3210 dicitur
693 3158 828 3211 adhortari
836 3178 888 3210 rem
904 3161 1036 3214 militarem
1050 3183 1093 3214 ro-

58 3229 296 3298 quitantedictum,
306 3244 463 3283 commotum
470 3233 555 3285 cosa·
588 3255 741 3303 marramque
753 3239 869 3290 virtutem
875 3277 883 3301 ‚
899 3253 943 3291 aut
958 3241 1039 3293 lacere
1050 3244 1093 3295 vel

58 3321 104 3356 rem
116 3308 214 3369 fuisse,
230 3319 351 3376 putarunt
365 3307 478 3372 librarii,
494 3327 555 3360 cou—
588 3316 697 3368 scrihere
709 3315 873 3369 hortationem
889 3320 928 3370 tei
937 3321 1055 3373 militatis
1065 3335 1092 3374 et

58 3383 235 3436 damnationem
243 3404 295 3436 esse
304 3386 552 3449 alienam,etecon-
588 3412 700 3445 mntonoe
709 3395 818 3447 viratus.
831 3395 902 3467 Quid
911 3399 967 3467 ipso
975 3397 1008 3449 de
1018 3398 1092 3452 Cice·
1154 3407 1157 3413 '

58 3463 211 3516 damnatione
229 3464 271 3515 vel
291 3463 453 3516 damnatione
472 3467 554 3519 secere
587 3488 647 3521 rone
658 3470 742 3523 dicam
752 3470 764 3521 i
773 3471 806 3522 ad
816 3473 875 3523 Au.
889 3491 913 3540 7,
934 3475 983 3540 rip,
995 3479 1091 3528 Pacem

59 3542 229 3594 absolutione?
251 3541 296 3594 Sin
316 3542 365 3594 hoo
389 3543 479 3597 durius
496 3561 553 3611 est,
586 3551 687 3619 quidem
696 3551 796 3602 hortari
803 3569 854 3601 non
864 3553 959 3605 desino.
971 3553 1015 3607 Sic
1023 3570 1093 3609 certe
1144 3554 1148 3561 '

57 3622 131 3686 possis
148 3619 275 3689 conjicere
293 3621 461 3672 accusatione.
482 3623 552 3675 Eun.
586 3625 681 3677 lectum
694 3627 756 3679 olim
769 3647 775 3676 ι
789 3641 815 3678 et
828 3628 899 3680 sicin
910 3629 967 3683 MS.
981 3644 1019 3682 est
1028 3632 1091 3685 Hel-

58 3695 111 3749 sall.
129 3699 208 3751 Catil.
227 3699 267 3750 51.
285 3702 366 3766 Leges
376 3738 382 3749 .
392 3739 415 3750 ..
436 3702 552 3754 exsilium
587 3705 761 3757 maestadiensi.
773 3705 860 3776 Quare
874 3708 982 3772 vellem,
995 3709 1089 3781 quibus

56 3777 160 3841 permitti
167 3778 265 3848 jubent.
282 3776 413 3848 Nequam
428 3779 456 3829 ci
475 3782 552 3832 abso·
586 3780 664 3834 MSS.
679 3783 792 3851 plurium
806 3785 879 3853 eopia
890 3785 954 3848 fnit,
973 3791 1023 3837 non'
1037 3800 1090 3838 tam

58 3851 141 3904 latione
151 3851 279 3915 offendat,
295 3852 346 3905 Dio
357 3853 405 3907 hac
423 3859 553 3910 occasione
585 3859 741 3928 negligentes
754 3861 882 3912 transiisse
900 3861 968 3913 hunc
987 3863 1089 3926 locum,

59 3931 130 3983 utitur
141 3931 225 3984 verbo
234 3933 344 3984 &actim
353 3933 372 3982 i.
384 3951 407 3984 c.
585 3948 611 3985 et
621 3935 700 3987 verbo
710 3936 837 4004 attigisse,
849 3955 898 4007 qua
907 3937 999 3989 fiducia
1009 3939 1092 4008 subje-

84 4008 114 4059 In
129 4007 236 4063 eandem
245 4009 278 4061 cl.
292 4007 336 4061 sic
348 4012 380 4073 6,
397 4010 454 4080 49„
464 4012 516 4064 alia
526 4014 553 4064 in
585 4014 667 4066 cerint
678 4013 822 4084 :Equidem
838 4015 875 4067 ad
878 4035 976 4083 ,pacem
992 4018 1093 4072 innare·
1106 4049 1108 4052 ·
