2662 4830
92 330 211 371 su-u·
429 325 699 399 urnsnxr.
1042 278 1105 403 13¹

93 395 197 444 acde-

47 459 127 533 dam
144 456 391 558 «pampineam
402 481 564 527 coronam
577 453 769 527 albentibus
782 454 873 528 foliis
887 456 1014 557 visam,
1029 479 1084 532 at·
1176 553 1178 556 ,
1283 554 1290 567 .

48 600 113 673 que
126 575 174 647 ita
187 573 465 671 interpretatum,
479 599 498 638 n
516 568 701 659 tradidere,
719 599 738 640 u
750 587 909 677 vergente
919 592 1084 647 autumno

49 707 196 761 mortem
205 686 368 785 principis
379 682 522 757 ostendi.
537 711 555 749 n
574 682 665 754 Illud
677 682 770 756 haud
784 684 983 786 ambigitur,
1003 713 1085 786 qua·

49 802 221 903 licumque
245 800 414 874 insomnio
441 797 506 898 ipsi
528 796 693 895 fratrique
712 796 898 896 perniciem
924 799 1082 873 adlatam.

52 917 248 992 Sestertium
260 913 454 1015 quindecies
472 928 506 985 et
521 909 669 1012 insignia
682 925 838 1011 praeturae
854 912 1013 1012 Crispino
1029 913 1084 986 de·

54 1046 147 1104 creta.
165 1025 474 1129 AdjecitVitellius
481 1023 673 1097 sestertium
684 1023 793 1098 decies
799 1026 949 1115 Sosibio,
967 1028 1088 1128 «quod

55 1143 286 1216 Britannicum
306 1140 504 1241 praeceptis,
521 1137 705 1211 Claudium
718 1139 885 1238 consiliis,
906 1142 1048 1240 juvaret.
1064 1170 1083 1211 n

56 1257 205 1358 Rogatus
229 1253 432 1329 sententiam
452 1265 486 1324 et
507 1249 646 1348 Scipio:
663 1281 682 1321 a
695 1277 776 1322 cum
794 1250 905 1351 idem,
918 1282 937 1322 u
953 1253 1086 1354 inquit,
1189 1352 1192 1357 ἡ
1209 1288 1212 1295 ·

10 1462 12 1469 Ι
60 1368 122 1441 ude
134 1368 292 1442 admissis
312 1371 470 1465 Poppaeae
489 1362 652 1461 sentiam,
679 1365 772 1464 quod
791 1392 925 1466 omneS,
948 1388 1084 1468 putate,

82 1548 100 1587 7·
112 1531 320 1587 Albentibussoliis.
334 1527 465 1572 habentibus
475 1524 551 1568 malim
561 1541 568 1569 =
577 1538 626 1581 quae
635 1525 706 1570 Plinio
714 1528 742 1579 6,
757 1531 782 1581 ²4
795 1531 862 1583 (38),
873 1529 970 1573 decidam
980 1528 1090 1575 dicuntur.

10 1646 13 1663 ,
61 1604 134 1647 Heroni
145 1610 229 1661 Georg.
241 1619 267 1657 a,
283 1606 340 1655 133„
351 1601 451 1644 labentia
461 1601 535 1642 ventis
542 1599 622 1654 solia,
633 1606 669 1652 st,
682 1600 749 1653 lapsa
759 1600 843 1644 eadunt
849 1601 912 1656 folia
923 1602 995 1646 sidem
1003 1608 1050 1648 AEn.
1060 1605 1090 1657 6,

10 1672 15 1713 i
63 1675 101 1719 ln.
111 1674 295 1732 rslstaventilus.
310 1673 371 1717 Idem
380 1670 462 1717 Plinius
475 1671 511 1722 ιθ,
521 1668 536 1709 6
549 1667 759 1724 (8).,stavescentia
770 1672 824 1715 dum
833 1673 988 1728 caduntsolia.

10 1794 13 1801 ’
63 1805 124 1878 ling.
134 1797 305 1879 AEu.7,3¹70.
321 1810 364 1860 Sic
374 1807 553 1858 dicereDivos.
586 1807 668 1856 amico
680 1821 825 1872 narrasset,
839 1811 869 1861 id
880 1809 1011 1862 venenatis
1024 1809 1089 1861 arti-

10 1880 12 1891 '
64 1882 106 1936 Ubi
119 1897 204 1937 tamen
213 1886 263 1938 hoc
273 1905 346 1937 sensu
355 1883 407 1936 dici
416 1895 467 1935 uon
479 1895 553 1950 puto.
586 1881 629 1932 bus
640 1883 780 1936 coloratum
796 1889 823 1936 in
830 1889 920 1958 pejus,
934 1886 1029 1952 patulis
1038 1887 1088 1935 im-

63 1960 133 2015 Porro
138 1964 203 2015 illud
214 1983 315 2035 quoque
325 1983 376 2015 non
386 1960 554 2033 probandum,
585 1964 712 2027 paraturis
727 1965 827 2015 autibus
842 1965 996 2038 infundebat
1001 1988 1011 2028 ,-
1023 1977 1047 2015 et
1058 1963 1091 2016 'ob

63 2041 122 2110 quod
132 2062 180 2112 pro
187 2045 333 2114 gravitatem
343 2041 449 2094 Ursinus
459 2053 485 2091 et
493 2040 554 2091 Mu·
587 2039 634 2090 hoc
643 2039 727 2106 homo,
738 2056 858 2112 tanqrmm
869 2045 1044 2112 inexplicabili
1049 2044 1091 2095 ob·
1125 2086 1128 2091 ⁴

63 2133 122 2174 retus
137 2123 231 2174 volunt
248 2122 299 2192 legi
318 2123 464 2182 caritatem,
486 2137 554 2188 quo-
587 2121 676 2170 noxius
695 2122 790 2188 culpoe,
804 2126 879 2192 gravi
896 2125 962 2176 mole
977 2123 1091 2175 criminis

64 2197 554 2253 modoetiamhnnclocumlaudatBurm.
585 2199 742 2262 pulsabatur.
760 2204 824 2253 Hac
845 2218 950 2272 augente
966 2202 1091 2273 vulgatius

63 2277 554 2348 lcNamgmvitasannonoeestetiam6,
578 2273 675 2340 scama,
692 2289 789 2328 tantum
808 2280 911 2342 aber-ut,
931 2293 959 2331 ut
969 2278 1091 2346 pmdme

65 2355 555 2429 13.Nempe,gravitasdiciturdeom·
587 2352 719 2419 quitquam
741 2354 798 2403 vita
817 2369 955 2418 nocturna,
975 2370 1091 2424 “11⁰8oe

63 2434 138 2500 nibus,
157 2455 214 2507 qna
231 2438 297 2488 male
310 2437 403 2488 affecta
419 2449 490 2498 sunt,
503 2455 553 2487 non
587 2428 700 2480 homines
716 2430 839 2483 dormisse
856 2452 908 2484 sese
923 2435 1091 2503 praesentibus

64 2507 116 2564 bene
126 2532 152 2565 se
164 2512 260 2564 habent
270 2533 276 2562 :
286 2512 353 2564 unde
368 2514 481 2581 gravitas
493 2530 553 2563 cor-
576 2508 730 2574 faterentur
751 2513 881 2574 externis,-
902 2514 1089 2579 moerebantque

63 2605 138 2654 pamm
149 2608 192 2660 ap.
203 2589 291 2641 Cicer:
300 2590 378 2641 Tusc.
394 2593 422 2650 3,
440 2608 460 2640 1.
478 2588 554 2641 Adde
586 2586 655 2637 docti
666 2588 770 2656 quidam
783 2589 853 2657 quod
862 2589 932 2656 apud
940 2591 1090 2644 Atlantoeos

65 2665 135 2718 lead.
149 2682 163 2717 n
178 2666 232 2735 (4),
249 2685 285 2733 ¹7·
304 2665 374 2735 quod
385 2664 449 2716 hene
465 2679 554 2718 contra
586 2664 642 2714 nati
648 2682 698 2714 non
706 2679 797 2728 essent,
804 2666 1091 2720 alimemorantursom·

65 2741 213 2807 teudeiam,
234 2748 349 2809 pravitas
366 2745 553 2814 corrigentem,
587 2742 686 2792 nianon
693 2744 786 2794 videri.
795 2744 1091 2816 Ltrs.lnh.l.legesom-

65 2819 167 2876 defendit
187 2820 324 2877 Schultens
342 2826 352 2875 ὃ
370 2828 509 2893 μακαρίτης
528 2826 556 2875 in
587 2823 684 2872 nicrum
693 2842 736 2888 ap.
747 2843 772 2876 c.
783 2837 842 2895 etp.
854 2844 880 2896 p.
892 2827 1052 2895 inexpiabili.

67 2897 154 2954 Comm.
166 2902 200 2955 ad
211 2903 289 2956 Prnv.
300 2902 396 2956 Salom.
407 2922 430 2954 c.
440 2903 479 2955 25.
489 2916 555 2955 extr.
622 2901 651 2950 V
648 2916 749 2968 argente
767 2917 892 2955 autumno.
913 2905 1014 2958 Fames.
1030 2923 1091 2957 vet·-

67 2977 97 3032 ld.
111 2981 142 3034 ds
158 2983 214 3035 Fin.
230 2982 260 3048 4,
278 2998 332 3045 12.,
342 2985 467 3052 gravitate
478 3001 556 3033 mem·
588 2990 664 3031 aare.
681 2981 748 3032 Lres.
764 2982 833 3034 Illud
853 2984 952 3037 melius.
969 2984 1091 3038 Ceterum

67 3056 152 3112 lmtum
176 3080 190 3112 e
210 3062 321 3113 cruciatu
343 3060 456 3112 dolatum
478 3061 556 3128 siquis
588 3057 696 3110 verbum
705 3061 805 3112 ostendi
812 3062 1092 3134 eleganterdepraedic-

65 3149 127 3200 quem
135 3138 209 3191 levet.
220 3138 253 3190 V.
267 3138 369 3190 Davies.
379 3138 448 3189 Ean.
589 3135 703 3187 tionibus
718 3150 744 3188 et
759 3137 986 3208 significationibus
1002 3143 1091 3194 futuri.

23 3234 27 3241 ·
85 3216 188 3283 ραιᾰαιιι
192 3220 351 3284 pampineam
356 3215 559 3268 comnam.Con-
590 3213 654 3266 Mox
663 3214 750 3268 Guelf.
762 3217 936 3288 ambigebatur.
946 3219 1015 3271 Ena.
1026 3219 1090 3273 Bud.

67 3295 561 3365 emtitcuminterpretationehnjussom-
592 3307 718 3364 vergente.

68 3370 279 3424 tiiArtemidoms
289 3391 299 3423 r
310 3391 365 3442 ,79.
372 3372 417 3424 ubi
425 3372 557 3438 observat,
621 3372 741 3442 dandam.
751 3370 779 3424 si
789 3371 843 3424 hnc
858 3376 984 3443 scriptura
993 3375 1090 3439 Taciti,

69 3463 201 3500 coronamc
216 3452 269 3501 vite
287 3464 378 3519 praeter
392 3451 558 3519 Dionysiacos
590 3449 616 3499 in
630 3464 680 3518 qua
690 3466 765 3499 nemo
782 3447 874 3501 haereat
883 3469 889 3498 ι
899 3448 966 3500 unde
977 3465 1092 3504 monstra

68 3524 165 3577 artifices
170 3539 313 3577 mortemne
319 3515 402 3579 vincla
409 3527 557 3597 siguificare,
590 3526 743 3591 lectionum,
754 3529 913 3597 quassantia
924 3525 1000 3580 MSS.
1009 3528 1021 3578 Ρ
1030 3531 1092 3582 Flo-

69 3615 162 3671 propter
172 3603 307 3671 pampinos
317 3604 459 3673 implicatos
474 3617 500 3656 et
514 3607 556 3655 in·
590 3607 702 3657 sentinus
719 3607 925 3657 assenessentiam
936 3627 943 3656 :
953 3626 984 3658 ex
999 3610 1092 3678 quoin

69 3675 251 3731 flexos.Similia
258 3680 363 3731 crimina
371 3681 480 3732 valuisse
489 3680 558 3750 apud
590 3684 628 3737 cd.
650 3704 690 3755 pr.
708 3687 917 3743 assenescentiam
936 3705 1090 3756 expressum.

69 3753 249 3821 Constantium,
270 3776 321 3809 non
338 3759 429 3811 inscite
441 3761 558 3824 Ammia-
590 3764 644 3816 Alii
663 3760 715 3813 duo
736 3761 811 3815 codd.
832 3762 926 3816 Medic.
946 3766 1089 3817 assentiam.

69 3850 107 3887 nus
115 3850 198 3889 narrat
212 3837 258 3898 15,
271 3839 306 3901 3..
321 3839 461 3890 Mercuuus
471 3839 558 3889 solen·
590 3839 648 3892 MS.
658 3838 745 3892 Guelf.
756 3840 921 3892 Sententiam.
934 3843 1042 3893 sentiam
1049 3843 1091 3896 ed.

66 3913 156 3965 niumm
174 3915 318 3982 appellatas
334 3933 418 3966 comes
426 3951 523 3978 .......
537 3918 561 3968 si
590 3919 691 3971 Puteal.
710 3918 768 3970 ltiv.
783 3917 853 3970 Ena.
868 3918 931 3971 Bud.
945 3923 1091 3980 assentiam.

65 3993 454 4065 mametemquieqaamvidisse
461 3995 561 4065 ahquid
591 3996 646 4066 Bip.
657 3997 741 4049 forsan
750 3996 838 4047 uxoris
845 3996 961 4048 sentiam.

836 4247 895 4265 affl·
