2662 4830
148 334 196 383 20
503 306 826 382 ANNALIUM
1011 309 1127 352 ΜΦ·

146 441 267 513 decora
282 437 371 525 haec,
386 436 434 510 ita
449 435 542 509 haud
564 441 688 511 frustra
711 438 802 512 dieta
821 437 979 539 princeps
995 374 1111 514 ridi?
1129 466 1177 515 ct·

143 552 276 655 piendis
285 552 437 652 pecuniis
448 552 562 650 posuit
573 554 727 650 modurn,
741 579 849 653 usqne
859 556 903 627 ad
913 554 1001 630 dena
1012 555 1177 653 sestertia,

146 695 249 771 quem
261 665 384 770 egressi
395 666 660 765 repetundarum
672 683 880 742 tenerentur.

192 785 290 857 Vlll.
300 779 468 854 Subidem
474 774 610 878 tempus
616 779 850 879 Mithridates,
862 808 965 880 quern
971 781 1184 882 imperitasse

145 895 336 992 Armeniis,
348 913 382 966 et
387 894 430 966 ad
434 895 650 993 praesentiam
660 895 802 968 Caesaris
807 915 965 970 vocatum
975 895 1181 992 memoravi,

175 1062 207 1102 ιῦ.
222 1058 257 1101 Et
264 1057 297 1100 ad
306 1060 450 1111 presentiam
462 1057 561 1101 Cascris
570 1065 660 1100 vectum
671 1061 802 1101 memoravi.
819 1064 868 1116 Agr.
885 1057 999 1102 Armeniis
1011 1058 1114 1102 Caesaris
1124 1059 1185 1101 orac·

143 1144 191 1178 sum
200 1131 333 1174 memoravi.
346 1130 453 1173 Vinctum
462 1128 528 1172 etiem
536 1127 631 1186 Lipsieni
640 1127 733 1172 codices.
743 1134 809 1174 Forte
816 1161 823 1184 ‚
831 1145 896 1188 quem
906 1133 1050 1186 imperitasse
1059 1129 1185 1184 Araunia,

143 1214 166 1248 et
176 1204 203 1247 C.
213 1202 311 1245 casaris
326 1202 350 1243 vi
365 1203 464 1245 vinctum
478 1201 609 1243 memoravi.
623 1197 657 1243 sic
669 1199 709 1242 Dio
720 1201 762 1253 6ο,
774 1205 795 1246 8.
807 1208 838 1246 ltu
848 1203 927 1260 possim
939 1211 1014 1247 noster
1027 1206 1085 1247 Anu.
1099 1221 1122 1256 ι,
1138 1205 1185 1255 65.,

144 1279 169 1320 vi
178 1274 281 1320 Annene
289 1273 376 1318 cecidit
390 1272 450 1318 luirn
459 1287 478 1317 c.
490 1287 511 1328 9.
523 1272 596 1317 Casus
607 1270 735 1316 Mithridati
745 1272 815 1318 datus
832 1284 866 1320 est
881 1260 1006 1331 ocespaaiii
1019 1273 1155 1320 Amaeniam
1163 1267 1188 1316 oi

135 1350 223 1394 “militis
233 1350 328 1391 romani.
990 1356 992 1361 “

143 1482 231 1537 Gueli.
241 1466 649 1552 cogr'tcret...qua.Ceterumeni-
680 1476 748 1528 Nam
763 1477 852 1532 decem
866 1483 945 1535 millia
961 1485 1017 1536 HS.
1033 1482 1103 1534 idem
1117 1481 1186 1554 quod

141 1575 235 1615 teseere
245 1575 304 1613 etas
314 1560 367 1613 hae
378 1562 414 1613 sic
421 1557 496 1611 dixit.
506 1558 573 1609 Plin.
584 1555 646 1607 Pan.
679 1554 753 1607 dena.
762 1559 816 1608 HS.
825 1557 901 1623 idern,
910 1558 980 1630 quod
989 1554 1094 1612 centum
1103 1561 1186 1626 aurei,

142 1639 166 1706 4.
181 1651 207 1690 et
216 1636 287 1689 alibi.
298 1636 368 1688 Eun.
381 1635 495 1705 Lipsium
507 1645 648 1703 sequuntur
679 1643 710 1682 ut
722 1632 784 1685 alibi
796 1632 904 1687 docebo.
924 1635 1003 1706 Quod
1020 1636 1187 1688 honorarium

142 1719 229 1770 Heius.
249 1730 275 1768 et
291 1715 347 1785 Bip.
365 1713 432 1765 Mihi
445 1713 532 1783 potior
546 1709 648 1762 videtur
679 1724 788 1781 patrono
799 1711 927 1784 Ulpianus
934 1715 1027 1768 tribuit
1037 1718 1062 1767 in
1075 1717 1187 1787 singrdos

141 1795 219 1848 lectio
229 1812 244 1845 a
253 1791 334 1846 Gron.
347 1805 463 1863 recepta,
477 1809 533 1861 quic
547 1801 572 1841 et
582 1791 646 1841 Fer·
680 1808 792 1854 caum,
808 1793 826 1842 l.
845 1810 867 1844 s.
883 1793 917 1845 D.
933 1794 974 1846 De
988 1797 1066 1848 variis
1078 1809 1106 1847 et
1120 1809 1185 1848 extr.

140 1874 208 1924 reric
221 1873 307 1942 placet
317 1869 350 1921 de
359 1871 396 1920 Re
409 1881 475 1920 vest.
492 1887 520 1931 r,
533 1869 572 1918 33.
582 1863 646 1917 Bud.
678 1873 775 1941 cognit.
794 1872 861 1923 ers.
875 1871 956 1937 Vide,
968 1873 1000 1926 ad
1016 1873 1085 1934 hunc
1099 1877 1186 1928 locum

139 1954 261 2025 cogitaret
268 1970 295 2016 p.
309 1968 368 2015 qua.
680 1968 735 2021 quae
753 1951 901 2019 scripsimus
915 1953 1032 2006 Pecunia
1046 1957 1141 2008 veteris
1155 1971 1186 2019 α,

176 2031 211 2078 Ut
225 2028 305 2077 minas
322 2025 378 2076 dec.
394 2024 456 2074 Haee
472 2020 647 2089 interpunctio
680 2026 705 2078 5.
729 2025 820 2080 Gnou.
843 2027 995 2081 Suetonium
1015 2030 1115 2085 Neroni
1134 2034 1185 2084 tri-

140 2102 441 2160 debeturFreinsheurio.
450 2101 522 2168 ¹Ante
533 2097 598 2148 male
607 2099 647 2147 in·
679 2101 770 2166 boore,
787 2103 858 2173 quod
875 2105 985 2158 Claudio
999 2121 1054 2159 erat
1064 2108 1200 2162 tribuens

141 2184 343 2257 terpuugebatnr
351 2176 647 2249 postdecora.Ceterum
680 2176 754 2241 dum,
762 2179 861 2248 judicat
871 2178 989 2234 Graevius
1001 2182 1033 2234 ad
1042 2185 1062 2235 l.
1070 2185 1116 2237 cit.
1129 2185 1184 2239 Ve-

141 2264 168 2315 in
185 2261 292 2331 reliquis
305 2258 388 2310 haereo
400 2274 406 2306 ε
416 2273 472 2326 quar
485 2255 506 2304 si
519 2254 572 2304 sine
581 2253 647 2305 vitio
679 2273 738 2305 rum
750 2254 873 2309 Claudius
884 2258 961 2310 modo
969 2264 1109 2315 terminum
1119 2280 1185 2315 eon·

139 2331 646 2405 sunt,frrsstraest,sineidoneacaussa‚
679 2333 770 2395 stituit,
778 2351 854 2404 quem
861 2335 946 2405 egredi
953 2339 1186 2408 neiaseseet;Nero

141 2434 192 2488 qua
203 2413 303 2466 moveri
312 2410 404 2462 debeat
417 2407 449 2460 ad
459 2404 646 2459 decernendum
678 2421 878 2478 contraprouno
885 2430 987 2482 quoque
993 2430 1084 2484 genere
1091 2434 1186 2468 caussa

140 2492 279 2547 secundum
287 2507 324 2541 ea.
332 2485 385 2539 Sed
393 2483 536 2554 itafrostra
545 2501 597 2534 non
604 2480 646 2533 di·
678 2499 773 2537 certam
784 2487 926 2539 mercedem
936 2488 1062 2543 definiisse
1071 2492 1185 2546 ridetur.

140 2576 215 2628 citur.
228 2569 359 2630 Arbitror,
366 2567 486 2618 Tacitum
496 2561 607 2624 dedisse,
619 2576 647 2629 ut
678 2564 719 2615 lta
728 2563 830 2615 Ernesti
840 2563 871 2616 ad
879 2564 951 2618 Suet.

141 2670 175 2702 m.
197 2650 291 2700 deeora
308 2647 383 2708 haee,
407 2647 444 2696 ita
464 2643 647 2711 haudfiustra
711 2643 898 2710 Quemegrnssi.
912 2642 1005 2709 Quem,
1021 2642 1047 2694 id
1061 2657 1113 2708 est,
1128 2665 1186 2698 mo-

142 2727 220 2777 dieta.
229 2724 355 2787 Princeps
369 2738 424 2788 cap.
438 2740 465 2787 p.
482 2739 509 2785 p.
527 2718 645 2779 niodum,
678 2715 748 2768 dum.
760 2715 804 2769 Sic
816 2718 907 2769 eFlor.
918 2717 1037 2770 Pichena.
1048 2734 1115 2773 vett.
1125 2722 1184 2776 edd.

141 2804 318 2861 deletor-arus,
329 2797 398 2867 qnod
407 2811 446 2848 est
457 2797 489 2847 eb
505 2798 646 2864 interpola·
678 2811 744 2859 quoe.
756 2794 825 2844 Ena.
835 2794 899 2845 Bud.
912 2815 977 2862 quse.
1169 2790 1172 2794 ¹

141 2893 211 2939 tore,
223 2877 268 2946 qui
282 2876 376 2926 vitiosa
385 2873 590 2941 interpunctione
599 2869 646 2922 de·
714 2875 816 2924 Vectem
826 2878 970 2927 memorari.
987 2877 1018 2928 In
1032 2875 1106 2928 libris
1116 2879 1187 2932 scili·

142 2967 244 3025 ceptus,
259 2947 389 3019 explendae
405 2949 535 2999 seutentiae
546 2945 646 2997 addidit
678 2963 734 3013 cet,
754 2950 847 3021 quihus
856 2949 989 3022 descriptae
1003 2973 1044 3006 res
1057 2955 1123 3010 Caii.
1134 2959 1187 3011 Dio

142 3043 226 3083 ratus:
238 3028 286 3078 nisi
298 3024 325 3076 id
341 3025 438 3076 iactum
449 3041 462 3072 e
473 3035 560 3073 motos.
575 3022 645 3072 Ense.
676 3029 717 3087 60,
724 3028 807 3078 8.rem
814 3027 927 3081 breviter
936 3034 1029 3100 tangit:
1039 3031 1187 3104 rirmup-

177 3108 263 3174 Usque
273 3100 310 3151 ad
317 3100 385 3151 dena
396 3100 518 3150 sestertia.
532 3096 645 3149 Eandem
678 3100 754 3156 dieser
763 3103 801 3156 ‘tir
810 3104 914 3173 Ἴβηρα,
925 3107 949 3159 ir
957 3109 1186 3178 ilriircpmm.

142 3201 267 3239 summam
277 3180 348 3233 Nero
358 3180 435 3231 etiam
443 3176 546 3238 definit,
558 3175 644 3229 credo.
677 3183 784 3247 ψάμενος
789 3178 994 3251 meditamini·
999 3185 1056 3254 opis
1063 3191 1186 3256 ἀνάληψιν

142 3266 234 3335 dequo
244 3261 316 3315 Suet.
330 3277 368 3326 17·
382 3259 497 3319 Item‚ut
507 3257 645 3327 litigatores
677 3261 717 3315 aia
734 3261 808 3327 ἀρχῖς
826 3262 981 3329 &einp-im.
1000 3261 1079 3332 Quod
1095 3264 1139 3318 hic
1158 3270 1186 3322 iu

139 3364 188 3412 pro
213 3339 361 3409 potr'ociniis
384 3348 478 3387 certam
497 3337 645 3406 justamque
677 3339 1184 3403 Taciroescvecormmnuss.vincum.

142 3418 281 3474 mercedem
295 3415 394 3466 darent.
405 3411 504 3485 Saepius
521 3413 587 3463 euim
601 3431 645 3464 re·
678 3420 813 3490 Legerim‚
833 3419 871 3468 ad
887 3422 1050 3486 praesentiam
1074 3423 1186 3478 Caesaris

99 3497 102 3505 '
141 3501 194 3553 lata
208 3499 262 3550 haee
271 3495 398 3557 lex,cu1n
408 3505 584 3562 perrumperet
595 3494 645 3542 im·
678 3492 1186 3569 vectumvinetumquememoraviQuam

142 3578 258 3652 probitas
271 3575 387 3626 forensis.
397 3569 511 3623 Eandem
521 3589 644 3623 summam
677 3595 754 3647 qnam
769 3573 864 3628 Seneca
881 3595 931 3627 non
951 3578 1068 3627 vinctum
1089 3581 1184 3645 modo,

142 3675 232 3728 capere
245 3652 401 3721 etTrajanus
410 3650 540 3703 advocatis
549 3653 644 3720 permi-
676 3653 757 3705 sedin
769 3654 885 3704 exsilium
898 3655 1002 3704 missum
1014 3654 1092 3706 fuisse
1104 3659 1185 3727 signi-

142 3738 188 3797 sit,
199 3731 243 3789 sed
253 3730 377 3782 duntaxat
392 3741 452 3798 post
464 3728 565 3798 negotia
582 3747 643 3796 per-
676 3732 751 3793 fleat,
766 3730 799 3782 de
808 3730 951 3800 Tranquill.
965 3750 1002 3781 ιι.
1015 3734 1184 3788 Ptolemaeum

142 3824 206 3863 acta.
215 3808 313 3860 Plinius
320 3823 361 3875 ep.
374 3803 401 3867 5,
413 3821 463 3867 21„
474 3803 594 3855 Peractis
604 3815 644 3855 ta-
676 3806 781 3875 Afriece
792 3824 885 3876 regem,
897 3807 1030 3858 Amnenioe
1038 3808 1183 3863 Mithrida.

140 3907 198 3941 men
219 3885 321 3956 negotiis
337 3884 544 3947 permittebantur
563 3900 643 3949 peca—
675 3899 738 3949 tem,
759 3889 824 3937 inter
842 3885 951 3935 caumas
968 3885 1094 3936 custodias
1111 3891 1184 3943 oidi-

140 3967 210 4023 uiam
221 3962 346 4015 amma
355 3958 441 4013 decem
454 3959 561 4012 millium
570 3959 644 4013 dare.
676 3981 738 4016 mas.
755 3964 836 4017 Alter
849 3962 876 4012 in
894 3961 1008 4013 rusilium
1022 3965 1110 4016 missas
1125 3981 1179 4035 est,
