2662 4830
113 294 157 363 θ’
237 317 261 392 s
588 312 911 389 'ANNALIUM
1102 302 1220 354 ere·-

1101 380 1126 418 Α.
1155 408 1160 419 .
1199 407 1205 420 .

231 446 274 519 -in
287 446 426 520 eandem
438 441 663 519 clementiam.
684 443 913 516 Hortantibus
929 443 1051 517 dehinc
1067 381 1278 545 quiliriidam

234 558 384 634 inediam
405 576 439 633 et
462 560 574 632 lenem
598 556 745 655 exitum,
783 557 992 632 «remittere
1012 560 1236 659 beneficium,
1254 590 1276 629 u

222 792 533 863 ''comumnequcenim
544 809 569 844 se
578 807 679 861 capere,
688 807 740 860 quo
771 790 839 859 cipio
853 792 953 860 totique
969 793 1061 844 actioni
1077 793 1192 856 Vitellii,
1206 793 1277 844 eus:

234 874 324 926 colore
343 872 464 924 Vitellius
482 873 594 940 potuerit
609 867 740 921 effundere
771 881 853 920 tratus
864 882 902 920 est
914 870 982 922 haud
994 871 1088 936 dubie,
1103 885 1233 943 quotquot
1248 873 1277 922 iu

234 953 355 1005 lacrimas
370 949 404 1001 ob
419 951 583 1001 novissimum
599 949 673 999 amici
693 965 739 999 ca·
771 946 878 997 consilio
892 961 979 1011 erant,
993 947 1089 999 fraudis
1099 949 1197 1017 ignari,
1210 948 1277 998 mul-

233 1048 308 1091 sum,
322 1041 347 1079 et
364 1041 473 1080 mortem
488 1030 540 1098 ejus
554 1027 704 1086 decernere,
718 1027 739 1076 si
771 1032 861 1091 torque
874 1023 973 1087 Romae,
985 1023 1047 1076 dum
1057 1026 1125 1075 sama
1139 1025 1201 1075 sacti
1211 1022 1279 1074 seri-

234 1108 355 1175 princeps
372 1104 539 1167 ostendisset,
551 1122 577 1156 se
592 1101 624 1154 sd
639 1103 740 1153 mitiora
772 1108 814 1147 tur
833 1099 889 1148 :ite
903 1100 1009 1153 Tacitus
1020 1104 1097 1152 etiam
1116 1102 1200 1151 lacere
1216 1117 1277 1168 sup-

234 1182 368 1234 inclinare.
389 1181 450 1232 Non
471 1182 582 1251 legerat,
603 1195 647 1230 aut
665 1178 741 1231 intel-
773 1175 872 1244 plautst
881 1178 1021 1247 legentem,
1031 1193 1107 1249 atque
1118 1198 1149 1231 eo
1158 1180 1215 1248 ipso
1224 1178 1277 1248 ejus

236 1259 337 1311 leserat
355 1277 460 1328 parurn,
483 1278 539 1330 quae
559 1259 680 1330 praeclare
698 1255 741 1307 hic
773 1257 941 1308 attentionem
962 1260 1071 1321 excitat,
1093 1260 1279 1326 mirantemque

237 1336 379 1389 Mercerus.
388 1336 423 1387 Et
434 1339 524 1399 miror,
536 1339 618 1408 ipsum
627 1336 741 1405 Lipsium
774 1333 973 1398 acdestitutum,
982 1336 1159 1406 indignitatem
1167 1337 1277 1404 negotii,

236 1411 427 1464 admonendum
446 1414 530 1466 fuisse.
549 1413 655 1464 Tacitus
675 1412 741 1462 enim
774 1415 854 1465 scelus
865 1413 974 1477 Vitellii,
992 1418 1130 1467 vanitatem
1147 1427 1278 1468 cruentam

237 1490 391 1542 suavissimo
404 1490 510 1559 lepore,
526 1491 553 1540 in
566 1509 593 1540 re
610 1491 743 1556 inexspee-
774 1489 877 1542 Claudii
890 1503 933 1541 aut
942 1491 1079 1561 cogitando
1092 1490 1221 1545 iuvenire.
1234 1502 1278 1541 aut

238 1578 295 1618 tata
304 1565 533 1629 narranda,verbis
541 1584 642 1637 quoque
651 1567 742 1616 utitur.
775 1567 875 1618 aliunde
902 1571 1033 1640 exquirere
1060 1570 1203 1640 compellit.
1229 1569 1278 1621 Illa

238 1663 298 1717 quae
305 1645 415 1696 illudunt
425 1642 658 1713 uepdnpsedsuier,
666 1657 691 1694 et
698 1643 744 1693 fal·
775 1646 842 1695 enim
853 1648 936 1696 omnia
945 1686 952 1710 ‚
962 1648 1108 1698 consultans
1118 1665 1195 1716 super
1202 1644 1278 1696 abso·

168 1779 172 1786 ,
237 1719 300 1775 lunt
309 1724 525 1790 exspectationem
535 1723 641 1791 legentis
652 1740 658 1770 :
669 1733 695 1771 et
706 1733 744 1770 ta·
775 1724 870 1775 lutione
878 1726 1006 1794 princeps,
1012 1725 1210 1787 flensVitellius‚
1216 1725 1279 1776 ami-

238 1812 301 1851 men
310 1816 383 1848 suum
389 1798 454 1849 illud
465 1797 547 1865 σιμνὸν
557 1797 744 1851 servatEtiam
774 1802 846 1861 citis,
865 1813 971 1868 patrone
988 1804 1129 1853 communis
1148 1816 1173 1853 et
1192 1800 1281 1852 eadem

239 1874 389 1930 Messallina
400 1892 528 1930 commota
538 1892 607 1942 erat,
618 1895 674 1945 qua
685 1877 742 1945 jure
774 1879 897 1948 principis
905 1892 998 1943 mater,
1009 1899 1050 1931 res
1059 1893 1135 1950 gestae
1143 1879 1214 1931 domi
1224 1879 1280 1931 bel-

167 2011 169 2014 ,
238 1953 333 2023 injuria
340 1953 469 2023 perditum
476 1954 741 2022 volebatAsieticum3
774 1955 856 2025 lique,
876 1955 1049 2007 misericordia
1061 1959 1210 2027 implorata,
1223 1956 1279 2008 cal-

240 2031 336 2085 nedum
347 2031 481 2094 Claudius,
494 2034 742 2085 cuinullumineum
775 2033 861 2084 culurrr
882 2034 969 2086 album
988 2036 1057 2105 large
1075 2035 1279 2106 promittebant3

240 2110 381 2179 proprium·
392 2123 447 2161 erat
461 2109 556 2162 odium.
571 2109 657 2179 Ergo,
669 2108 742 2160 audi·
775 2126 855 2178 quum
867 2109 967 2174 urbito,
984 2114 1056 2162 velut
1070 2114 1164 2182 scorpii
1179 2111 1279 2173 cauda,

241 2191 279 2241 tis
293 2189 423 2259 partibus,
442 2203 576 2260 rogaturus
591 2191 743 2257 sententias,
774 2187 846 2254 niger
853 2200 975 2255 apparet:
989 2189 1093 2239 liberum
1104 2190 1127 2238 ei
1138 2190 1280 2253 monicae·

240 2269 341 2340 aliquid
357 2269 437 2338 jecit,
461 2287 492 2318 ex
513 2287 564 2339 quo
588 2267 743 2338 apparebat,
776 2260 872 2311 bivium
889 2264 1015 2326 perstruit,-
1031 2264 1079 2315 hoc
1102 2278 1158 2328 est,
1179 2265 1281 2334 rogavit

241 2346 390 2416 placatum,
406 2359 432 2397 et
442 2344 604 2398 absolventes
616 2347 694 2414 aequis
703 2362 744 2395 eu·
775 2341 917 2408 principem
927 2355 952 2392 et
963 2361 1008 2394 suo
1016 2356 1041 2394 et
1049 2344 1159 2395 Asiatici
1166 2345 1279 2406 nomine,

241 2425 317 2480 ribus
326 2424 492 2477 admissurum
503 2444 563 2477 esse.
571 2425 620 2476 Hic
627 2423 745 2476 Vitellius
775 2430 806 2469 ul
818 2421 842 2470 ei
854 2433 974 2488 tanquam
983 2421 1098 2477 confesso
1107 2424 1282 2492 convietoque

242 2501 744 2574 memorpraeceptiMessallinae,docuit,
776 2497 957 2550 concederetur
968 2512 1059 2568 sponte
1074 2502 1154 2562 mori,
1166 2519 1218 2552 non
1233 2501 1281 2552 sub

241 2582 308 2654 quid
318 2595 382 2634 esset
391 2581 458 2650 apud
468 2581 587 2634 Tacitum
596 2581 671 2643 alibi,
682 2599 744 2647 pes-
777 2577 903 2629 carnifice.
922 2578 1018 2629 Rursus
1036 2579 1207 2645 εἱρανωόμινος
1226 2599 1233 2630 s
1245 2581 1283 2629 Et

242 2663 303 2710 simi
310 2661 465 2711 inimieorum
475 2661 621 2725 laudantes,
631 2660 694 2732 qnid
703 2680 746 2712 or*-
776 2670 860 2708 secuta
873 2670 931 2708 sunt
941 2657 1039 2706 Claudii
1052 2659 1129 2707 verda
1139 2659 1166 2707 r'n
1174 2657 1282 2708 eandem

242 2740 358 2791 nandum
377 2750 403 2789 et
420 2741 569 2801 tollendum,
589 2740 744 2809 mirificeque
777 2735 940 2785 elementiam.
964 2733 1053 2804 ltaque
1069 2735 1140 2786 locus
1159 2734 1201 2785 hic
1219 2735 1282 2786 mihi

243 2814 361 2866 machina
372 2813 499 2864 hominem
505 2819 624 2882 (asclepas
632 2827 657 2866 et
667 2817 745 2867 insta-
777 2811 879 2863 videtur
898 2813 1047 2878 singularis,
1068 2826 1094 2863 et
1112 2814 1154 2864 cui
1176 2816 1282 2884 antiqua

243 2895 329 2947 ltilem
354 2892 511 2960 circumegit.
532 2894 652 2945 Lacrimas
679 2895 746 2944 enim
776 2888 1044 2958 illaLvelXpraeligi
1056 2889 1149 2943 debeat
1164 2905 1282 2943 :tantum

243 2970 297 3024 illae
310 2966 486 3029 detestabiles,
500 2981 527 3018 et
540 2972 746 3022 commemoratio
778 2966 862 3030 abest,
873 2979 904 3017 ut
912 2967 1065 3020 accusandus
1072 2983 1115 3021 aut
1123 2968 1281 3022 labefactan-

243 3046 363 3096 amicitiae
374 3044 572 3115 meritorumque
583 3047 636 3109 rei,
647 3057 672 3096 et
682 3063 746 3116 cap·
778 3043 825 3094 dus
837 3047 885 3096 sit.
900 3043 990 3097 Gnort.
1007 3046 1046 3098 De
1061 3066 1088 3098 re
1106 3047 1170 3099 nihil
1183 3047 1282 3113 habeo,

244 3127 311 3178 tatio
319 3122 496 3176 misericordiae
503 3123 578 3175 fidem
586 3126 608 3175 ei
615 3125 697 3176 fecere
704 3116 760 3176 he
778 3122 847 3192 quod
866 3136 955 3175 contra
973 3123 1065 3178 dicam.
1083 3126 1136 3178 Sed
1156 3144 1187 3177 an
1209 3129 1284 3180 istius

243 3203 355 3255 nevoli:
376 3202 418 3271 qui
433 3219 493 3252 mox
511 3200 579 3252 idern
592 3214 680 3270 petens
698 3220 745 3272 pro
777 3204 865 3256 sacetae
888 3207 1100 3277 supplantationis
1125 3204 1283 3259 Corneliana

245 3280 405 3335 beneficiost
414 3281 450 3334 rei
460 3293 485 3331 et
495 3282 647 3333 suonomine
657 3282 761 3332 volun-'-
776 3270 837 3352 ᾗτε
855 3285 931 3335 etlam
949 3298 1003 3348 est,
1022 3282 1138 3334 recedere
1155 3300 1169 3332 a
1188 3285 1283 3353 regulis

243 3361 336 3412 tariam
357 3371 484 3420 mortem,
506 3355 604 3426 duplici
626 3359 745 3409 miserum
779 3364 964 3432 grammaticis,
984 3375 1010 3414 et
1029 3361 1117 3413 fallere
1136 3363 1282 3425 lectorem,

244 3435 395 3506 praejudicio
414 3448 520 3505 gravat,
538 3447 676 3504 tanquam,
701 3437 746 3505 qui
778 3439 1282 3511 verbumadjungendo,qu0dsuperio-

243 3514 388 3583 semetipse,
397 3525 502 3584 etquem
510 3512 586 3564 homo
596 3511 746 3564 benevolen·
778 3521 849 3573 ribus
860 3521 931 3572 nullo
951 3519 1027 3570 modo
1045 3517 1203 3569 conveniat?
1219 3519 1283 3572 Miri

245 3592 358 3642 tissimus
375 3607 404 3641 ³⁰
416 3603 532 3658 precator
546 3590 671 3658 supplicio
685 3589 746 3658 dig·
778 3613 837 3651 sunt
856 3598 983 3650 interdum
997 3597 1136 3649 doctissimi
1155 3596 1280 3648 homines.

245 3668 502 3738 numagnosceret.ld
510 3667 745 3732 satisfuitClaudio,
779 3675 846 3727 Cum
861 3678 887 3727 in
904 3688 1013 3726 mentem
1026 3675 1109 3734 venit,
1128 3675 1211 3723 omnia
1224 3692 1285 3741 pos-

246 3747 747 3818 perindehic,utpriu⁵‚m'h1'lultrascm·
778 3769 836 3806 sunt
846 3774 896 3805 uon
905 3753 981 3804 modo
990 3751 1138 3814 defendere,
1150 3751 1283 3803 sedetiam

246 3823 746 3896 8⁰10,etiamdudum‚q¹1aedi¹i⁸⁸t³llpsse
778 3852 911 3895 exornare,
926 3844 955 3882 ut
970 3829 1140 3901 pulcherrima
1150 3831 1209 3880 sint.
1221 3831 1280 3901 Ego

251 3905 393 3967 Asiaticus,
405 3903 495 3955 oblito.
506 3904 573 3967 Sed,
586 3903 746 3974 quemadmo·
777 3911 848 3961 nullo
869 3908 946 3960 modo
966 3906 1085 3958 inducere
1103 3923 1207 3975 possum
1226 3909 1282 3958 ani-

248 3982 311 4035 dum
325 3983 367 4035 lric
380 3996 504 4046 eventus,
522 3987 661 4037 contrarius
672 3989 746 4055 prin-
778 4006 862 4053 mum,
873 4001 903 4041 ut
912 3985 1030 4050 credam,
1041 3986 1160 4038 Tacitum
1172 3983 1282 4049 dixisse,
