2662 4830
243 308 288 381 28
593 303 925 379 ANNALIUM
1107 306 1221 348 *6⁸⁰⁰-

1107 373 1131 410 a.
1141 374 1165 412 e⁴
1174 374 1206 424 47.

240 464 353 510 amore
370 435 594 510 detinebatur.
618 437 712 507 Nam
732 433 769 506 in
789 436 828 509 C.
850 433 994 533 Silium,
1016 424 1205 534 juventutis
1227 445 1279 512 re

239 577 349 624 manae
362 551 649 651 pulcherrimum,
661 547 709 620 ita
721 568 906 647 exarserat,
919 568 958 622 ut
965 551 988 624 J
989 554 1106 624 tiniam
1115 541 1278 650 Silanarn,

238 665 390 739 nobilem
403 664 586 759 feminam,
606 663 825 736 matrimonio
841 664 915 762 ejus
928 667 1140 758 exturbaret,
1155 694 1278 742 vacuo-

238 805 306 879 que
319 780 473 853 adultero
486 778 662 879 potirennt
678 781 803 878 Neque
816 779 918 852 Silius
933 780 1053 883 flagitii
1066 797 1127 854 aut
1138 781 1278 880 periculi

238 894 370 967 nescius
385 914 456 967 erat
469 921 479 967 t
492 895 551 967 sed
565 912 675 991 nerto,
688 893 717 965 si
734 894 917 994 abnueret,
935 895 1052 992 exitio,
1067 915 1101 969 et
1115 895 1279 967 nonnulla

237 1007 377 1080 fallendi
394 1033 472 1108 spe,
492 1008 595 1081 simul
617 1006 749 1106 magnis
762 1008 930 1106 praemiis,
949 1010 1099 1108 opperiri
1112 1011 1230 1081 futura
1249 1027 1279 1080 et

238 1121 462 1219 praesentibus
480 1123 566 1218 frui,
590 1145 652 1220 pro
666 1119 786 1192 solatio
799 1120 945 1196 habebat
958 1149 967 1196 τ
982 1125 1040 1196 illa
1055 1149 1126 1196 non
1139 1123 1279 1218 firrtim,

239 1234 296 1306 sed
311 1236 420 1308 multo
433 1239 596 1309 comitatu
609 1235 774 1308 ventitare
786 1232 947 1336 domurn,
964 1237 1154 1338 egressibus
1171 1235 1282 1310 adhae-

275 1396 449 1448 Detinebatur.
478 1397 654 1449 Distinebatur
684 1392 742 1446 edd.
776 1392 1220 1450 Graeviusohservatiunenladehoe
1228 1415 1282 1450 rer·

238 1491 345 1539 omnes,
363 1494 425 1546 quas
443 1478 560 1547 inspexi,
578 1489 669 1544 praeter
690 1476 744 1544 pri·
776 1471 924 1541 hoeaptus,
941 1474 967 1526 id
978 1473 1106 1526 interdum
1117 1473 1282 1526 meleobtrn·

216 1560 218 1565 “
236 1566 319 1614 marn,
337 1569 393 1623 qnae
404 1550 745 1605 habetdetinebatur.Verba
777 1547 815 1600 dit
832 1551 1009 1618 scriptoribus.
1023 1548 1067 1603 sic
1078 1553 1183 1604 lustina
1197 1567 1243 1621 ²9²
1259 1564 1283 1598 2.

237 1629 282 1681 illa
293 1633 394 1701 sepeio
406 1631 485 1685 MSS.
496 1630 618 1684 confundi
629 1642 743 1692 constat,
777 1641 846 1681 recte
854 1631 967 1681 restitnit
981 1629 1106 1693 distineri,
1117 1631 1184 1682 male
1194 1628 1285 1682 obtru-

236 1726 266 1759 v.
285 1707 415 1760 Drolsenb.
437 1707 469 1760 ad
486 1710 544 1762 Liv.
559 1711 587 1771 5,
606 1725 646 1760 ao.
668 1719 744 1777 atque
777 1708 852 1769 sit6,
864 1711 888 1759 6.
899 1707 968 1758 Eun.
978 1705 1043 1758 Bud.
1052 1706 1221 1758 detinebatur.

178 1772 185 1783 ⁸
237 1789 315 1840 etiam
324 1789 351 1839 in
361 1787 446 1841 editis:
457 1789 564 1859 Proprie
572 1786 675 1860 quidem
684 1786 746 1837 deti·
810 1783 836 1835 0.
844 1785 944 1835 Silium.
955 1783 996 1834 De
1005 1781 1055 1834 lior
1062 1803 1085 1835 e.
1098 1784 1122 1836 5.
1132 1797 1159 1836 et
1166 1783 1209 1836 35.
1218 1794 1244 1833 et
1254 1782 1284 1848 4,

237 1883 298 1917 nere
323 1877 362 1916 est
382 1867 507 1930 retinere,
533 1884 645 1937 quocum
669 1865 745 1915 etiam
780 1865 821 1923 18,
837 1880 874 1930 ¹9·
886 1876 911 1914 et
925 1865 1017 1920 iuven.
1034 1885 1071 1918 ιο.
1089 1862 1199 1918 sesne
1208 1863 1285 1914 Junia

237 1941 360 1994 eonfirndi
370 1945 451 2005 solet,
468 1943 501 1994 ab
513 1944 633 2013 aliquare
643 1940 745 1993 abstra-
778 1936 865 1990 Silana
876 1941 919 2003 13,
933 1962 971 2013 19-

237 2018 307 2072 here.
329 2021 459 2071 Distinere
479 2033 564 2071 autent
588 2021 614 2069 in
633 2017 746 2070 diversas
821 2018 906 2068 Vacuo
922 2018 1124 2073 adultero.llide
1144 2016 1177 2068 ad
1192 2019 1227 2079 6,
1244 2014 1286 2081 34.

237 2111 324 2167 partes
334 2098 440 2150 trahere.
456 2099 547 2169 Itaque
560 2100 585 2149 in
600 2095 744 2149 distinendo
777 2092 833 2146 Cic.
844 2094 921 2149 Catil.
934 2119 943 2151 r
955 2139 961 2161 ,
971 2104 996 2153 6.
1005 2099 1104 2151 domum
1112 2098 1184 2150 novis
1191 2095 1287 2161 nuptiis

238 2178 331 2230 duaead
339 2180 472 2230 utinimum
479 2198 518 2231 res
524 2178 634 2248 intelligi
640 2175 744 2239 debent,
776 2173 968 2241 vacuefecisses.
978 2179 1033 2229 Liv.
1045 2196 1071 2239 1,
1082 2178 1123 2242 46.
1132 2192 1189 2225 eum
1198 2172 1288 2222 dom

236 2261 264 2310 in
279 2257 415 2310 detinendo
433 2258 526 2312 suffieit
539 2277 596 2309 una.
613 2258 679 2309 Hine
694 2256 743 2318 fit,
776 2266 872 2298 vacuas
891 2269 957 2313 nora
976 2252 1138 2304 matdnronio
1145 2249 1286 2314 securene.

237 2351 284 2394 ut.
303 2358 361 2391 cnm
371 2357 411 2390 res
423 2340 456 2390 sit
469 2356 531 2402 una,
545 2337 680 2406 trahatque
693 2353 744 2386 non
776 2321 862 2376 Gueli.
879 2329 918 2378 ed.
934 2348 974 2398 pr.
989 2328 1133 2390 adulterio,
1147 2339 1178 2378 ut
1187 2325 1249 2376 infr.
1261 2341 1287 2375 e.

237 2419 265 2469 in
274 2415 388 2470 diversas
398 2430 424 2468 et
433 2416 533 2488 plnres,
544 2415 587 2469 red
595 2432 670 2466 unam
681 2431 744 2484 par-
777 2406 816 2456 26·
826 2405 882 2457 init.
893 2406 1079 2460 adulteriorum
1094 2426 1142 2478 pro
1154 2404 1288 2456 adnuera-

237 2507 304 2557 tent,
321 2493 434 2545 detinere
444 2491 582 2547 dicendum
595 2493 637 2544 sit.
650 2491 710 2542 llaec
723 2490 744 2540 si
777 2502 842 2536 rum.
859 2484 911 2537 Sed
927 2485 985 2539 MS.
998 2487 1087 2540 Gnell.
1103 2488 1181 2538 etiarn
1197 2486 1225 2535 iu
1243 2482 1287 2533 lin.

236 2574 276 2626 ita
293 2587 364 2637 sunt,
381 2587 409 2626 nt
419 2587 496 2645 puto,
512 2572 539 2626 h.
551 2573 569 2624 l.
586 2571 747 2623 detinebantr
778 2582 834 2633 cap·
844 2564 998 2617 adulterium
1008 2585 1057 2637 pro
1066 2564 1222 2617 adulterum.
1237 2560 1289 2612 Ce-

238 2662 277 2701 est
297 2669 358 2701 vera
375 2652 472 2715 lectio,
494 2671 546 2702 non
565 2650 745 2712 distinebatur,
778 2655 862 2693 terum
882 2641 935 2694 hec
957 2643 1081 2695 sententia
1102 2659 1154 2692 non
1175 2636 1287 2708 pendere

239 2743 316 2795 quam
326 2728 385 2794 quia
396 2726 437 2777 ed.
453 2746 492 2794 pr.
503 2726 593 2789 habet,
607 2745 658 2777 non
668 2725 746 2776 dubi·
778 2734 865 2790 potest
880 2739 894 2771 a
907 2720 1068 2790 praecedente
1078 2736 1155 2789 supra
1165 2729 1206 2778 ut,
1217 2715 1264 2788 sed
1273 2733 1289 2766 a

237 2806 292 2854 tavi
307 2823 438 2871 reponere.
456 2802 553 2855 Similis
567 2806 639 2855 locus
649 2817 688 2854 est
703 2821 744 2871 ap.
779 2811 833 2851 tota
839 2798 997 2868 precedente
1004 2797 1210 2852 senentiaNam
1216 2795 1288 2847 Mea·

238 2878 324 2930 Cicer.
333 2879 400 2931 Phil.
409 2900 437 2946 9,
449 2895 473 2930 a.
481 2893 556 2944 putat
563 2899 609 2930 nos
618 2881 671 2931 alio
678 2879 744 2930 bello
777 2876 866 2928 sallire
882 2876 1029 2929 exturbavit
1044 2893 1150 2928 uxorem
1167 2893 1182 2925 e
1197 2873 1289 2924 matri·

237 2955 356 3016 detineri,
367 2973 402 3006 se.
412 2972 464 3024 quo
474 2957 619 3007 minuseum
628 2971 745 3007 coercea·
778 2957 864 3005 monio
871 2952 943 3017 Silii,
955 2973 1006 3025 quo
1016 2958 1071 3008 sola
1078 2956 1206 3005 imeretur
1214 2951 1289 3003 adnl-

240 3051 317 3086 mus:
338 3033 374 3085 sie
392 3031 429 3083 ibi
446 3033 526 3101 vulgo
542 3033 607 3085 bene
626 3034 721 3102 legitur
738 3051 745 3081 s
778 3046 844 3085 tero.
864 3034 954 3102 ltaque
969 3036 1112 3102 suspicatur
1127 3049 1184 3083 sum
1197 3033 1288 3101 legen-

239 3111 305 3160 male
319 3109 362 3160 alii
376 3109 500 3160 distineri.
517 3109 545 3161 si
561 3106 666 3161 dixisset
681 3110 745 3160 sint-
778 3111 841 3163 dum
849 3130 917 3175 esse,
928 3131 1011 3164 vacuo
1020 3133 1070 3179 quo
1080 3110 1125 3162 ad.
1134 3131 1160 3179 p.
1169 3112 1227 3175 vel,
1238 3128 1291 3178 quo

239 3187 341 3256 pliciter
354 3199 427 3254 putat
442 3203 487 3235 nos
503 3184 633 3248 distineri,
648 3200 746 3237 rectum
778 3208 862 3242 vacuo
871 3210 897 3241 a,
906 3211 933 3258 p.
947 3192 1016 3243 Eme,
1024 3190 1068 3244 sic
1075 3191 1129 3260 jam
1138 3188 1222 3258 [tyele.

239 3277 305 3316 esset
322 3282 328 3313 ι
347 3263 533 3333 intelligeretur
547 3265 627 3324 enirn,
644 3263 746 3315 duobus
816 3269 878 3320 Illa.
893 3267 923 3321 si
940 3289 1048 3341 sequens
1062 3270 1150 3321 statim
1166 3267 1290 3336 periodus

239 3341 333 3394 bellis:
346 3340 392 3392 sed
405 3339 519 3392 additum
535 3341 588 3391 allo
597 3341 662 3390 bello
678 3339 746 3392 (lesl-
777 3365 829 3399 non
837 3345 869 3399 ah
879 3359 907 3397 at
915 3348 1047 3417 inciperet,
1060 3344 1191 3398 crederem
1200 3345 1243 3397 hic
1250 3346 1289 3396 iu.

240 3420 313 3474 derat
328 3419 548 3472 detineri.Noster
563 3418 627 3471 dicii
642 3421 747 3471 altinen'
777 3424 910 3478 tercidisse
920 3425 1111 3496 atperfinalem
1119 3423 1289 3494 proecedeniib

241 3500 285 3562 13,
297 3517 336 3567 ²7·
345 3498 390 3551 sle
400 3497 441 3550 llic
455 3498 600 3549 Messalllna
609 3498 746 3548 distineba-
778 3501 852 3556 verbi
866 3502 998 3571 syllabam,
1013 3500 1092 3553 Silius
1102 3500 1223 3570 sperabat
1236 3518 1290 3551 rem

239 3588 284 3625 tur
302 3575 387 3627 studio
405 3575 510 3629 ultionis
528 3587 555 3625 et
574 3592 659 3626 amore
676 3593 682 3624 ι
702 3573 747 3626 sed
778 3582 858 3633 latere
875 3597 964 3648 posse,
980 3592 1006 3630 at
1023 3579 1084 3640 illa,
1103 3575 1236 3648 quomodo
1249 3595 1290 3628 res

241 3669 327 3702 amore
341 3650 507 3704 detinebatur.
524 3650 675 3704 Consideret
689 3653 748 3722 quis
779 3660 889 3720 lateret,
909 3657 974 3710 nihil
991 3654 1167 3710 curabat,Vix
1179 3656 1289 3727 dubita,

242 3732 359 3800 exempla
369 3730 442 3783 verbi
458 3730 579 3782 distinere
590 3730 746 3783 aDrakenh.
779 3738 1033 3807 Tmltumscripsiase
1045 3737 1109 3802 ipsa.
1119 3735 1189 3786 Eun.
1271 3771 1276 3781 .

241 3809 294 3860 Le·
306 3809 392 3859 Heius.
409 3807 440 3858 ad
452 3806 531 3859 Ovld.
542 3809 604 3860 Her.
616 3812 648 3870 8,
664 3811 706 3877 69.
722 3821 749 3859 et
812 3815 963 3885 Egressibus
973 3812 1154 3864 adhoemcem,
1167 3811 1222 3882 Qui
1232 3831 1289 3865 mon

242 3886 313 3949 ³55⁸,
323 3886 444 3948 ⁰0llessl³2
460 3887 495 3936 lla
506 3887 749 3956 esfierssperletffl·
781 3898 868 3948 Romu
896 3892 997 3945 colendi
1025 3893 1193 3962 potentiores.
1219 3893 1288 3944 ers.

244 3983 294 4039 qne
301 3963 363 4018 hine
368 3965 443 4018 facile
453 3965 539 4018 inaliis
546 3965 609 4018 loeis
612 3963 750 4036 judicabit.
783 3969 855 4024 Idem
865 3971 962 4024 iactum
973 3967 1101 4022 interdum
1109 3970 1289 4040 pantomimis,
