<?xml version="1.0" encoding="UTF-8"?>
<!DOCTYPE html PUBLIC "-//W3C//DTD XHTML 1.0 Transitional//EN"
    "http://www.w3.org/TR/xhtml1/DTD/xhtml1-transitional.dtd">
<html xmlns="http://www.w3.org/1999/xhtml" xml:lang="en" lang="en">
 <head>
  <title>
</title>
<meta http-equiv="Content-Type" content="text/html;charset=utf-8" />
  <meta name='ocr-system' content='tesseract 3.04.00' />
  <meta name='ocr-capabilities' content='ocr_page ocr_carea ocr_par ocr_line ocrx_word'/>
</head>
<body>
  <div class='ocr_page' id='page_1' title='image "bibliothecaclas36lemagoog_0021.png"; bbox 0 0 2662 4830; ppageno 0'>
   <div class='ocr_carea' id='block_1_1' title="bbox 214 315 1240 410">
    <p class='ocr_par' dir='ltr' id='par_1_1' title="bbox 214 315 1240 410">
     <span class='ocr_line' id='line_1_1' title="bbox 214 315 1240 410; baseline -0.048 3"><span class='ocrx_word' id='word_1_1' title='bbox 214 352 220 365; x_wconf 87' lang='grc'><strong><em>’</em></strong></span> <span class='ocrx_word' id='word_1_2' title='bbox 253 323 277 410; x_wconf 78' lang='lat' dir='ltr'><strong>l</strong></span> <span class='ocrx_word' id='word_1_3' title='bbox 611 315 931 392; x_wconf 82' lang='lat' dir='ltr'><strong>ANNALIUM</strong></span> <span class='ocrx_word' id='word_1_4' title='bbox 1119 319 1240 365; x_wconf 60' lang='lat' dir='ltr'><strong>cue..</strong></span> 
     </span>
    </p>
   </div>
   <div class='ocr_carea' id='block_1_2' title="bbox 248 388 1292 528">
    <p class='ocr_par' dir='ltr' id='par_1_2' title="bbox 248 388 1292 528">
     <span class='ocr_line' id='line_1_2' title="bbox 1118 388 1220 440; baseline 0.059 -16"><span class='ocrx_word' id='word_1_5' title='bbox 1118 388 1143 425; x_wconf 80' lang='grc' dir='ltr'><strong>Α.</strong></span> <span class='ocrx_word' id='word_1_6' title='bbox 1153 388 1177 427; x_wconf 84' lang='lat' dir='ltr'><strong>C.</strong></span> <span class='ocrx_word' id='word_1_7' title='bbox 1186 389 1220 440; x_wconf 70' lang='lat'><strong>47.</strong></span> 
     </span>
     <span class='ocr_line' id='line_1_3' title="bbox 248 443 1292 528; baseline 0.008 -9"><span class='ocrx_word' id='word_1_8' title='bbox 248 472 328 519; x_wconf 91' lang='lat' dir='ltr'><strong>cum</strong></span> <span class='ocrx_word' id='word_1_9' title='bbox 345 443 570 520; x_wconf 83' lang='lat' dir='ltr'><strong>interficiendi</strong></span> <span class='ocrx_word' id='word_1_10' title='bbox 591 444 733 517; x_wconf 85' lang='lat' dir='ltr'><strong>Caesaris</strong></span> <span class='ocrx_word' id='word_1_11' title='bbox 755 468 763 517; x_wconf 92' lang='lat'><strong>:</strong></span> <span class='ocrx_word' id='word_1_12' title='bbox 785 472 855 518; x_wconf 90' lang='lat' dir='ltr'><strong>non</strong></span> <span class='ocrx_word' id='word_1_13' title='bbox 876 447 1071 524; x_wconf 83' lang='lat' dir='ltr'>extimuisse</span> <span class='ocrx_word' id='word_1_14' title='bbox 1089 454 1292 528; x_wconf 86' lang='lat' dir='ltr'><strong>concionem</strong></span> 
     </span>
    </p>
   </div>
   <div class='ocr_carea' id='block_1_3' title="bbox 249 558 1290 669">
    <p class='ocr_par' dir='ltr' id='par_1_3' title="bbox 249 558 1290 669">
     <span class='ocr_line' id='line_1_4' title="bbox 249 558 1290 669; baseline 0.008 -37"><span class='ocrx_word' id='word_1_15' title='bbox 249 562 369 660; x_wconf 92' lang='lat' dir='ltr'><strong>populi</strong></span> <span class='ocrx_word' id='word_1_16' title='bbox 380 561 534 657; x_wconf 83' lang='lat' dir='ltr'><strong>romani,</strong></span> <span class='ocrx_word' id='word_1_17' title='bbox 550 559 664 648; x_wconf 84' lang='lat' dir='ltr'><strong>lateri,</strong></span> <span class='ocrx_word' id='word_1_18' title='bbox 679 558 892 661; x_wconf 82' lang='lat' dir='ltr'><strong>gloriamque</strong></span> <span class='ocrx_word' id='word_1_19' title='bbox 898 561 1057 637; x_wconf 86' lang='lat' dir='ltr'><strong>facinoris</strong></span> <span class='ocrx_word' id='word_1_20' title='bbox 1066 566 1158 639; x_wconf 82' lang='lat' dir='ltr'><strong>ultro</strong></span> <span class='ocrx_word' id='word_1_21' title='bbox 1165 587 1290 669; x_wconf 86' lang='lat' dir='ltr'><strong>petere.</strong></span> 
     </span>
    </p>
   </div>
   <div class='ocr_carea' id='block_1_4' title="bbox 280 736 905 795">
    <p class='ocr_par' dir='ltr' id='par_1_4' title="bbox 280 736 905 795">
     <span class='ocr_line' id='line_1_5' title="bbox 280 736 905 795; baseline 0.002 -16"><span class='ocrx_word' id='word_1_22' title='bbox 280 753 300 784; x_wconf 77' lang='lat' dir='ltr'><strong>o.</strong></span> <span class='ocrx_word' id='word_1_23' title='bbox 315 740 460 795; x_wconf 78' lang='lat' dir='ltr'><strong>Glorinnrque</strong></span> <span class='ocrx_word' id='word_1_24' title='bbox 464 736 578 792; x_wconf 82' lang='lat' dir='ltr'><strong>facinoris</strong></span> <span class='ocrx_word' id='word_1_25' title='bbox 589 737 646 781; x_wconf 83' lang='lat' dir='ltr'><strong>ultro</strong></span> <span class='ocrx_word' id='word_1_26' title='bbox 652 745 735 790; x_wconf 70' lang='lat' dir='ltr'><strong>petere.</strong></span> <span class='ocrx_word' id='word_1_27' title='bbox 746 740 777 780; x_wconf 77' lang='lat' dir='ltr'><strong>An</strong></span> <span class='ocrx_word' id='word_1_28' title='bbox 785 737 905 793; x_wconf 79' lang='lat' dir='ltr'><strong>appetere?</strong></span> 
     </span>
    </p>
   </div>
   <div class='ocr_carea' id='block_1_5' title="bbox 225 869 1291 3966">
    <p class='ocr_par' dir='ltr' id='par_1_5' title="bbox 225 869 1291 3966">
     <span class='ocr_line' id='line_1_6' title="bbox 246 869 1291 947; baseline 0.007 -23"><span class='ocrx_word' id='word_1_29' title='bbox 246 891 311 924; x_wconf 73' lang='lat' dir='ltr'><strong>vere.</strong></span> <span class='ocrx_word' id='word_1_30' title='bbox 322 872 458 941; x_wconf 76' lang='lat' dir='ltr'><strong>siet‚67:</strong></span> <span class='ocrx_word' id='word_1_31' title='bbox 472 874 517 942; x_wconf 82' lang='lat' dir='ltr'><strong>qui</strong></span> <span class='ocrx_word' id='word_1_32' title='bbox 526 883 654 923; x_wconf 70' lang='lat' dir='ltr'><strong>monerent</strong></span> <span class='ocrx_word' id='word_1_33' title='bbox 663 869 754 938; x_wconf 75' lang='lat' dir='ltr'><strong>perfit-</strong></span> <span class='ocrx_word' id='word_1_34' title='bbox 786 873 812 922; x_wconf 91' lang='lat' dir='ltr'><strong>in</strong></span> <span class='ocrx_word' id='word_1_35' title='bbox 828 875 950 925; x_wconf 79' lang='lat' dir='ltr'>concione</span> <span class='ocrx_word' id='word_1_36' title='bbox 963 891 969 923; x_wconf 93' lang='lat'><strong>:</strong></span> <span class='ocrx_word' id='word_1_37' title='bbox 983 875 1060 947; x_wconf 81' lang='lat' dir='ltr'><strong>idque</strong></span> <span class='ocrx_word' id='word_1_38' title='bbox 1070 896 1122 930; x_wconf 91' lang='lat' dir='ltr'><strong>non</strong></span> <span class='ocrx_word' id='word_1_39' title='bbox 1131 879 1291 931; x_wconf 83' lang='lat' dir='ltr'><strong>animadver-</strong></span> 
     </span>
     <span class='ocr_line' id='line_1_7' title="bbox 244 947 1291 1024; baseline 0.011 -24"><span class='ocrx_word' id='word_1_40' title='bbox 244 968 304 1020; x_wconf 69' lang='lat' dir='ltr'><strong>5ere</strong></span> <span class='ocrx_word' id='word_1_41' title='bbox 324 948 362 999; x_wconf 84' lang='lat' dir='ltr'><strong>ad</strong></span> <span class='ocrx_word' id='word_1_42' title='bbox 376 950 542 1000; x_wconf 83' lang='lat' dir='ltr'><strong>Germanicos</strong></span> <span class='ocrx_word' id='word_1_43' title='bbox 560 947 752 999; x_wconf 68' lang='lat' dir='ltr'><strong>exercitaevi-</strong></span> <span class='ocrx_word' id='word_1_44' title='bbox 786 968 857 1014; x_wconf 87' lang='lat' dir='ltr'><strong>sum,</strong></span> <span class='ocrx_word' id='word_1_45' title='bbox 875 954 935 1024; x_wconf 81' lang='lat' dir='ltr'><strong>qnia</strong></span> <span class='ocrx_word' id='word_1_46' title='bbox 951 954 1056 1008; x_wconf 77' lang='lat' dir='ltr'>Tacitus</span> <span class='ocrx_word' id='word_1_47' title='bbox 1074 977 1125 1010; x_wconf 92' lang='lat' dir='ltr'><strong>non</strong></span> <span class='ocrx_word' id='word_1_48' title='bbox 1142 957 1222 1021; x_wconf 86' lang='lat' dir='ltr'>dixit,</span> <span class='ocrx_word' id='word_1_49' title='bbox 1242 977 1291 1010; x_wconf 86' lang='lat' dir='ltr'><strong>nec</strong></span> 
     </span>
     <span class='ocr_line' id='line_1_8' title="bbox 245 1025 1261 1099; baseline 0.006 -21"><span class='ocrx_word' id='word_1_50' title='bbox 245 1028 294 1079; x_wconf 91' lang='lat' dir='ltr'><strong>deo</strong></span> <span class='ocrx_word' id='word_1_51' title='bbox 307 1027 411 1099; x_wconf 89' lang='lat' dir='ltr'><strong>quidem</strong></span> <span class='ocrx_word' id='word_1_52' title='bbox 421 1045 435 1078; x_wconf 85' lang='lat' dir='ltr'><strong>a</strong></span> <span class='ocrx_word' id='word_1_53' title='bbox 446 1026 571 1080; x_wconf 82' lang='lat' dir='ltr'><strong>Salineric</strong></span> <span class='ocrx_word' id='word_1_54' title='bbox 580 1027 677 1078; x_wconf 82' lang='lat' dir='ltr'><strong>landari</strong></span> <span class='ocrx_word' id='word_1_55' title='bbox 692 1044 753 1077; x_wconf 85' lang='lat' dir='ltr'><strong>ora·</strong></span> <span class='ocrx_word' id='word_1_56' title='bbox 784 1040 834 1078; x_wconf 75' lang='lat' dir='ltr'><strong>ext.</strong></span> <span class='ocrx_word' id='word_1_57' title='bbox 846 1025 898 1080; x_wconf 86' lang='lat' dir='ltr'><strong>Sed</strong></span> <span class='ocrx_word' id='word_1_58' title='bbox 911 1029 937 1080; x_wconf 90' lang='lat' dir='ltr'><strong>id</strong></span> <span class='ocrx_word' id='word_1_59' title='bbox 946 1049 997 1082; x_wconf 92' lang='lat' dir='ltr'><strong>non</strong></span> <span class='ocrx_word' id='word_1_60' title='bbox 1008 1047 1062 1085; x_wconf 82' lang='lat' dir='ltr'><strong>crat</strong></span> <span class='ocrx_word' id='word_1_61' title='bbox 1072 1053 1180 1086; x_wconf 85' lang='lat' dir='ltr'><strong>necesse.</strong></span> <span class='ocrx_word' id='word_1_62' title='bbox 1191 1034 1261 1086; x_wconf 77' lang='lat' dir='ltr'><strong>Eun.</strong></span> 
     </span>
     <span class='ocr_line' id='line_1_9' title="bbox 243 1105 1291 1169; baseline 0.007 -11"><span class='ocrx_word' id='word_1_63' title='bbox 243 1108 402 1158; x_wconf 74' lang='lat' dir='ltr'><strong>bantcaveri</strong></span> <span class='ocrx_word' id='word_1_64' title='bbox 416 1106 539 1169; x_wconf 78' lang='lat' dir='ltr'><em>insidias,</em></span> <span class='ocrx_word' id='word_1_65' title='bbox 556 1125 569 1157; x_wconf 91' lang='lat' dir='ltr'><strong>e</strong></span> <span class='ocrx_word' id='word_1_66' title='bbox 587 1108 629 1169; x_wconf 86' lang='grc' dir='ltr'><strong>ι3,</strong></span> <span class='ocrx_word' id='word_1_67' title='bbox 648 1108 685 1158; x_wconf 83' lang='lat'><strong>13.</strong></span> <span class='ocrx_word' id='word_1_68' title='bbox 699 1105 751 1158; x_wconf 87' lang='lat' dir='ltr'><strong>Sed</strong></span> <span class='ocrx_word' id='word_1_69' title='bbox 816 1109 876 1158; x_wconf 91' lang='lat' dir='ltr'><strong>Non</strong></span> <span class='ocrx_word' id='word_1_70' title='bbox 902 1110 1045 1161; x_wconf 69' lang='lat' dir='ltr'><strong>extimuisse</strong></span> <span class='ocrx_word' id='word_1_71' title='bbox 1069 1114 1222 1164; x_wconf 88' lang='lat' dir='ltr'><strong>concionem.</strong></span> <span class='ocrx_word' id='word_1_72' title='bbox 1245 1113 1291 1165; x_wconf 84' lang='lat' dir='ltr'><strong>Ex</strong></span> 
     </span>
     <span class='ocr_line' id='line_1_10' title="bbox 243 1185 1289 1257; baseline 0.004 -20"><span class='ocrx_word' id='word_1_73' title='bbox 243 1185 279 1237; x_wconf 92' lang='lat' dir='ltr'><strong>ibi</strong></span> <span class='ocrx_word' id='word_1_74' title='bbox 296 1186 366 1237; x_wconf 88' lang='lat' dir='ltr'><strong>Flor.</strong></span> <span class='ocrx_word' id='word_1_75' title='bbox 383 1204 486 1248; x_wconf 81' lang='lat' dir='ltr'><strong>cavere,</strong></span> <span class='ocrx_word' id='word_1_76' title='bbox 502 1185 579 1257; x_wconf 82' lang='lat' dir='ltr'><strong>idque</strong></span> <span class='ocrx_word' id='word_1_77' title='bbox 589 1199 657 1237; x_wconf 90' lang='lat' dir='ltr'><strong>recte</strong></span> <span class='ocrx_word' id='word_1_78' title='bbox 674 1204 750 1252; x_wconf 88' lang='lat' dir='ltr'><strong>repo-</strong></span> <span class='ocrx_word' id='word_1_79' title='bbox 783 1185 885 1253; x_wconf 90' lang='lat' dir='ltr'><strong>scriptis</strong></span> <span class='ocrx_word' id='word_1_80' title='bbox 899 1186 982 1257; x_wconf 85' lang='lat' dir='ltr'><strong>legas,</strong></span> <span class='ocrx_word' id='word_1_81' title='bbox 1001 1207 1051 1239; x_wconf 89' lang='lat' dir='ltr'><strong>non</strong></span> <span class='ocrx_word' id='word_1_82' title='bbox 1065 1190 1209 1241; x_wconf 74' lang='lat' dir='ltr'><strong><em>extimuisse</em></strong></span> <span class='ocrx_word' id='word_1_83' title='bbox 1225 1208 1289 1241; x_wconf 88' lang='lat' dir='ltr'><strong>con-</strong></span> 
     </span>
     <span class='ocr_line' id='line_1_11' title="bbox 244 1263 1288 1338; baseline 0 -21"><span class='ocrx_word' id='word_1_84' title='bbox 244 1266 321 1317; x_wconf 87' lang='lat' dir='ltr'><strong>situm</strong></span> <span class='ocrx_word' id='word_1_85' title='bbox 340 1283 353 1315; x_wconf 86' lang='lat' dir='ltr'><strong>a</strong></span> <span class='ocrx_word' id='word_1_86' title='bbox 368 1264 487 1318; x_wconf 84' lang='lat' dir='ltr'><strong>Pichena.</strong></span> <span class='ocrx_word' id='word_1_87' title='bbox 502 1265 586 1335; x_wconf 77' lang='lat' dir='ltr'>Igitur</span> <span class='ocrx_word' id='word_1_88' title='bbox 600 1283 651 1315; x_wconf 92' lang='lat' dir='ltr'><strong>non</strong></span> <span class='ocrx_word' id='word_1_89' title='bbox 669 1263 749 1315; x_wconf 91' lang='lat' dir='ltr'><strong>dubi-</strong></span> <span class='ocrx_word' id='word_1_90' title='bbox 782 1263 853 1312; x_wconf 84' lang='lat' dir='ltr'><strong>cione</strong></span> <span class='ocrx_word' id='word_1_91' title='bbox 860 1264 949 1330; x_wconf 81' lang='lat' dir='ltr'><strong>populi</strong></span> <span class='ocrx_word' id='word_1_92' title='bbox 956 1282 1017 1316; x_wconf 81' lang='lat' dir='ltr'><strong>rom.</strong></span> <span class='ocrx_word' id='word_1_93' title='bbox 1020 1266 1114 1332; x_wconf 79' lang='lat' dir='ltr'><strong>fateri,</strong></span> <span class='ocrx_word' id='word_1_94' title='bbox 1120 1265 1288 1338; x_wconf 72' lang='lat' dir='ltr'><strong>gloriamque.</strong></span> 
     </span>
     <span class='ocr_line' id='line_1_12' title="bbox 242 1338 1289 1415; baseline 0.006 -23"><span class='ocrx_word' id='word_1_95' title='bbox 242 1342 295 1392; x_wconf 86' lang='lat' dir='ltr'><strong>tavi</strong></span> <span class='ocrx_word' id='word_1_96' title='bbox 306 1355 332 1392; x_wconf 91' lang='lat' dir='ltr'><strong>et</strong></span> <span class='ocrx_word' id='word_1_97' title='bbox 341 1341 383 1393; x_wconf 89' lang='lat' dir='ltr'><strong>hic</strong></span> <span class='ocrx_word' id='word_1_98' title='bbox 396 1343 433 1394; x_wconf 86' lang='lat' dir='ltr'><strong>sic</strong></span> <span class='ocrx_word' id='word_1_99' title='bbox 444 1341 592 1393; x_wconf 82' lang='lat' dir='ltr'><strong>rescribere.</strong></span> <span class='ocrx_word' id='word_1_100' title='bbox 605 1339 634 1393; x_wconf 93' lang='lat' dir='ltr'><strong>Si</strong></span> <span class='ocrx_word' id='word_1_101' title='bbox 642 1343 699 1410; x_wconf 88' lang='lat' dir='ltr'><strong>quis</strong></span> <span class='ocrx_word' id='word_1_102' title='bbox 710 1353 749 1391; x_wconf 88' lang='lat' dir='ltr'><strong>ta·</strong></span> <span class='ocrx_word' id='word_1_103' title='bbox 781 1338 813 1390; x_wconf 91' lang='lat' dir='ltr'><strong>ld</strong></span> <span class='ocrx_word' id='word_1_104' title='bbox 824 1354 876 1402; x_wconf 86' lang='lat' dir='ltr'><strong>est,</strong></span> <span class='ocrx_word' id='word_1_105' title='bbox 886 1342 912 1392; x_wconf 93' lang='lat' dir='ltr'><strong>in</strong></span> <span class='ocrx_word' id='word_1_106' title='bbox 919 1345 1049 1395; x_wconf 84' lang='lat' dir='ltr'><strong>concione.</strong></span> <span class='ocrx_word' id='word_1_107' title='bbox 1056 1344 1136 1415; x_wconf 85' lang='lat' dir='ltr'><strong>Quod</strong></span> <span class='ocrx_word' id='word_1_108' title='bbox 1144 1359 1230 1397; x_wconf 84' lang='lat' dir='ltr'><strong>autem</strong></span> <span class='ocrx_word' id='word_1_109' title='bbox 1240 1348 1289 1410; x_wconf 80' lang='lat' dir='ltr'><strong>ait,</strong></span> 
     </span>
     <span class='ocr_line' id='line_1_13' title="bbox 242 1418 1289 1488; baseline 0.009 -23"><span class='ocrx_word' id='word_1_110' title='bbox 242 1439 300 1472; x_wconf 72' lang='lat' dir='ltr'><strong>men</strong></span> <span class='ocrx_word' id='word_1_111' title='bbox 316 1418 477 1473; x_wconf 67' lang='lat' dir='ltr'><strong>malite‘eod,</strong></span> <span class='ocrx_word' id='word_1_112' title='bbox 489 1423 683 1488; x_wconf 75' lang='lat' dir='ltr'><strong>Agr.cavem,</strong></span> <span class='ocrx_word' id='word_1_113' title='bbox 696 1438 748 1471; x_wconf 83' lang='lat' dir='ltr'><strong>non</strong></span> <span class='ocrx_word' id='word_1_114' title='bbox 780 1418 938 1485; x_wconf 83' lang='lat' dir='ltr'><strong>praecipuum</strong></span> <span class='ocrx_word' id='word_1_115' title='bbox 963 1434 1092 1472; x_wconf 80' lang='lat' dir='ltr'><strong>auctorem</strong></span> <span class='ocrx_word' id='word_1_116' title='bbox 1115 1421 1289 1474; x_wconf 82' lang='lat' dir='ltr'><strong>interficiendi</strong></span> 
     </span>
     <span class='ocr_line' id='line_1_14' title="bbox 225 1491 1288 1569; baseline 0.009 -28"><span class='ocrx_word' id='word_1_117' title='bbox 225 1497 226 1500; x_wconf 26' lang='lat'>¹</span> <span class='ocrx_word' id='word_1_118' title='bbox 242 1499 318 1551; x_wconf 65' lang='lat' dir='ltr'><strong>valde</strong></span> <span class='ocrx_word' id='word_1_119' title='bbox 326 1517 476 1569; x_wconf 70' lang='lat' dir='ltr'><strong>repugnem,</strong></span> <span class='ocrx_word' id='word_1_120' title='bbox 488 1498 539 1551; x_wconf 66' lang='lat' dir='ltr'><strong>Sed</strong></span> <span class='ocrx_word' id='word_1_121' title='bbox 551 1512 635 1550; x_wconf 70' lang='lat' dir='ltr'><strong>tamen</strong></span> <span class='ocrx_word' id='word_1_122' title='bbox 647 1511 750 1550; x_wconf 66' lang='lat' dir='ltr'><strong>cavent</strong></span> <span class='ocrx_word' id='word_1_123' title='bbox 780 1491 886 1544; x_wconf 59' lang='lat' dir='ltr'><strong>Coestrls</strong></span> <span class='ocrx_word' id='word_1_124' title='bbox 896 1495 1288 1558; x_wconf 53' lang='lat' dir='ltr'><strong>Asiaticumssddlcltelsenecfl</strong></span> 
     </span>
     <span class='ocr_line' id='line_1_15' title="bbox 240 1566 1288 1642; baseline 0 -14"><span class='ocrx_word' id='word_1_125' title='bbox 240 1576 343 1631; x_wconf 73' lang='lat' dir='ltr'><strong>ridetur</strong></span> <span class='ocrx_word' id='word_1_126' title='bbox 351 1595 403 1627; x_wconf 87' lang='lat' dir='ltr'><strong>esse</strong></span> <span class='ocrx_word' id='word_1_127' title='bbox 411 1578 537 1628; x_wconf 87' lang='lat' dir='ltr'><strong>correctio</strong></span> <span class='ocrx_word' id='word_1_128' title='bbox 544 1575 656 1638; x_wconf 82' lang='lat' dir='ltr'><strong>librarii,</strong></span> <span class='ocrx_word' id='word_1_129' title='bbox 666 1577 703 1627; x_wconf 81' lang='lat' dir='ltr'><strong>ite</strong></span> <span class='ocrx_word' id='word_1_130' title='bbox 711 1576 747 1626; x_wconf 81' lang='lat' dir='ltr'><strong>af·</strong></span> <span class='ocrx_word' id='word_1_131' title='bbox 779 1566 811 1618; x_wconf 75' lang='lat' dir='ltr'><strong>de</strong></span> <span class='ocrx_word' id='word_1_132' title='bbox 822 1569 917 1640; x_wconf 71' lang='lat' dir='ltr'><strong>Tranq.</strong></span> <span class='ocrx_word' id='word_1_133' title='bbox 928 1588 956 1634; x_wconf 79' lang='lat' dir='ltr'><strong>a,</strong></span> <span class='ocrx_word' id='word_1_134' title='bbox 972 1575 1010 1625; x_wconf 80' lang='lat'><strong>18.</strong></span> <span class='ocrx_word' id='word_1_135' title='bbox 1019 1611 1026 1635; x_wconf 88' lang='lat'>‚</span> <span class='ocrx_word' id='word_1_136' title='bbox 1035 1575 1079 1623; x_wconf 82' lang='lat' dir='ltr'><strong>Ea</strong></span> <span class='ocrx_word' id='word_1_137' title='bbox 1089 1575 1216 1641; x_wconf 75' lang='lat' dir='ltr'><strong>reseratu,</strong></span> <span class='ocrx_word' id='word_1_138' title='bbox 1227 1594 1288 1642; x_wconf 77' lang='lat' dir='ltr'><strong>quoe</strong></span> 
     </span>
     <span class='ocr_line' id='line_1_16' title="bbox 239 1644 1287 1723; baseline -0.006 -17"><span class='ocrx_word' id='word_1_139' title='bbox 239 1655 316 1716; x_wconf 78' lang='lat' dir='ltr'><strong>lecti,</strong></span> <span class='ocrx_word' id='word_1_140' title='bbox 327 1668 358 1707; x_wconf 90' lang='lat' dir='ltr'><strong>ut</strong></span> <span class='ocrx_word' id='word_1_141' title='bbox 370 1654 481 1708; x_wconf 82' lang='lat' dir='ltr'><strong>Pichena</strong></span> <span class='ocrx_word' id='word_1_142' title='bbox 490 1653 523 1705; x_wconf 88' lang='lat' dir='ltr'><strong>ad</strong></span> <span class='ocrx_word' id='word_1_143' title='bbox 534 1656 577 1717; x_wconf 84' lang='lat'><strong>13,</strong></span> <span class='ocrx_word' id='word_1_144' title='bbox 588 1657 610 1705; x_wconf 82' lang='lat'><strong>3.</strong></span> <span class='ocrx_word' id='word_1_145' title='bbox 622 1654 649 1704; x_wconf 85' lang='lat' dir='ltr'><strong>h.</strong></span> <span class='ocrx_word' id='word_1_146' title='bbox 664 1674 686 1706; x_wconf 92' lang='lat' dir='ltr'><strong>e.</strong></span> <span class='ocrx_word' id='word_1_147' title='bbox 698 1674 747 1723; x_wconf 87' lang='lat' dir='ltr'><strong>pu·</strong></span> <span class='ocrx_word' id='word_1_148' title='bbox 778 1644 850 1694; x_wconf 62' lang='lat' dir='ltr'><strong>illum</strong></span> <span class='ocrx_word' id='word_1_149' title='bbox 871 1648 880 1714; x_wconf 91' lang='lat'>(</span> <span class='ocrx_word' id='word_1_150' title='bbox 900 1647 991 1700; x_wconf 82' lang='lat' dir='ltr'><strong>Caium</strong></span> <span class='ocrx_word' id='word_1_151' title='bbox 1009 1650 1019 1717; x_wconf 92' lang='lat'><em>)</em></span> <span class='ocrx_word' id='word_1_152' title='bbox 1039 1652 1118 1702; x_wconf 81' lang='lat' dir='ltr'><strong>exitio</strong></span> <span class='ocrx_word' id='word_1_153' title='bbox 1136 1649 1265 1702; x_wconf 79' lang='lat' dir='ltr'><strong>dederunt</strong></span> <span class='ocrx_word' id='word_1_154' title='bbox 1277 1673 1287 1703; x_wconf 90' lang='lat'><strong>.-</strong></span> 
     </span>
     <span class='ocr_line' id='line_1_17' title="bbox 239 1723 1287 1800; baseline -0.001 -16"><span class='ocrx_word' id='word_1_155' title='bbox 239 1733 338 1791; x_wconf 76' lang='lat' dir='ltr'><strong>nutis,</strong></span> <span class='ocrx_word' id='word_1_156' title='bbox 358 1731 515 1783; x_wconf 81' lang='lat' dir='ltr'><strong>infinitivum</strong></span> <span class='ocrx_word' id='word_1_157' title='bbox 535 1731 659 1783; x_wconf 74' lang='lat' dir='ltr'><strong>vitiosum</strong></span> <span class='ocrx_word' id='word_1_158' title='bbox 684 1748 745 1781; x_wconf 83' lang='lat' dir='ltr'><strong>esce.</strong></span> <span class='ocrx_word' id='word_1_159' title='bbox 779 1723 921 1775; x_wconf 81' lang='lat' dir='ltr'><strong>Asiaticum</strong></span> <span class='ocrx_word' id='word_1_160' title='bbox 929 1728 1287 1800; x_wconf 65' lang='lat' dir='ltr'><strong>Valerinminprimisnmrcis</strong></span> 
     </span>
     <span class='ocr_line' id='line_1_18' title="bbox 238 1801 1287 1879; baseline 0 -17"><span class='ocrx_word' id='word_1_161' title='bbox 238 1810 309 1865; x_wconf 77' lang='lat' dir='ltr'><strong>Eun.</strong></span> <span class='ocrx_word' id='word_1_162' title='bbox 330 1810 439 1862; x_wconf 78' lang='lat' dir='ltr'><strong>Fallitur</strong></span> <span class='ocrx_word' id='word_1_163' title='bbox 457 1811 558 1878; x_wconf 78' lang='lat' dir='ltr'><strong>egregie</strong></span> <span class='ocrx_word' id='word_1_164' title='bbox 570 1809 650 1860; x_wconf 87' lang='lat' dir='ltr'><strong>Rhcn.</strong></span> <span class='ocrx_word' id='word_1_165' title='bbox 665 1828 745 1879; x_wconf 84' lang='lat' dir='ltr'><strong>quum</strong></span> <span class='ocrx_word' id='word_1_166' title='bbox 778 1801 1021 1871; x_wconf 46' lang='lat' dir='ltr'><strong>dalmasticam</strong></span> <span class='ocrx_word' id='word_1_167' title='bbox 1030 1810 1113 1860; x_wconf 80' lang='lat' dir='ltr'><strong>virum</strong></span> <span class='ocrx_word' id='word_1_168' title='bbox 1124 1810 1204 1861; x_wconf 76' lang='lat' dir='ltr'><strong>etvix</strong></span> <span class='ocrx_word' id='word_1_169' title='bbox 1210 1829 1287 1878; x_wconf 85' lang='lat' dir='ltr'><strong>oequo</strong></span> 
     </span>
     <span class='ocr_line' id='line_1_19' title="bbox 237 1883 1283 1961; baseline -0.002 -19"><span class='ocrx_word' id='word_1_170' title='bbox 237 1886 745 1961; x_wconf 81' lang='lat' dir='ltr'><strong>prioremcodicisBud.lectionemfuisse</strong></span> <span class='ocrx_word' id='word_1_171' title='bbox 778 1884 862 1931; x_wconf 64' lang='lat' dir='ltr'><strong>animo</strong></span> <span class='ocrx_word' id='word_1_172' title='bbox 880 1883 977 1933; x_wconf 68' lang='lat' dir='ltr'><strong>alienas</strong></span> <span class='ocrx_word' id='word_1_173' title='bbox 991 1888 1152 1938; x_wconf 74' lang='lat' dir='ltr'><strong>conmmelias</strong></span> <span class='ocrx_word' id='word_1_174' title='bbox 1162 1889 1283 1940; x_wconf 78' lang='lat' dir='ltr'><strong>laturum.</strong></span> 
     </span>
     <span class='ocr_line' id='line_1_20' title="bbox 237 1958 1285 2032; baseline -0.004 -13"><span class='ocrx_word' id='word_1_175' title='bbox 237 1967 317 2020; x_wconf 84' lang='lat' dir='ltr'><strong>tradit</strong></span> <span class='ocrx_word' id='word_1_176' title='bbox 331 1987 338 2018; x_wconf 90' lang='lat'><strong>:</strong></span> <span class='ocrx_word' id='word_1_177' title='bbox 354 1966 440 2018; x_wconf 83' lang='lat' dir='ltr'><strong>caveri</strong></span> <span class='ocrx_word' id='word_1_178' title='bbox 450 1962 566 2029; x_wconf 81' lang='lat' dir='ltr'><strong>indeque.</strong></span> <span class='ocrx_word' id='word_1_179' title='bbox 579 1962 647 2015; x_wconf 84' lang='lat' dir='ltr'><strong>Sunt</strong></span> <span class='ocrx_word' id='word_1_180' title='bbox 658 1962 713 2016; x_wconf 73' lang='lat' dir='ltr'><strong>haec</strong></span> <span class='ocrx_word' id='word_1_181' title='bbox 731 1981 746 2015; x_wconf 80' lang='lat' dir='ltr'>a</span> <span class='ocrx_word' id='word_1_182' title='bbox 779 1958 846 2008; x_wconf 87' lang='lat' dir='ltr'><strong>Huic</strong></span> <span class='ocrx_word' id='word_1_183' title='bbox 856 1959 883 2008; x_wconf 83' lang='lat' dir='ltr'><strong>in</strong></span> <span class='ocrx_word' id='word_1_184' title='bbox 892 1961 1016 2024; x_wconf 73' lang='lat' dir='ltr'><strong>convivio,</strong></span> <span class='ocrx_word' id='word_1_185' title='bbox 1027 1965 1055 2013; x_wconf 83' lang='lat' dir='ltr'><strong>in</strong></span> <span class='ocrx_word' id='word_1_186' title='bbox 1064 1964 1196 2027; x_wconf 83' lang='lat' dir='ltr'><strong>concione,</strong></span> <span class='ocrx_word' id='word_1_187' title='bbox 1207 1964 1285 2032; x_wconf 85' lang='lat' dir='ltr'><strong>(sor-</strong></span> 
     </span>
     <span class='ocr_line' id='line_1_21' title="bbox 238 2036 1285 2110; baseline 0.002 -19"><span class='ocrx_word' id='word_1_188' title='bbox 238 2043 347 2097; x_wconf 70' lang='lat' dir='ltr'><strong>munda</strong></span> <span class='ocrx_word' id='word_1_189' title='bbox 358 2060 448 2102; x_wconf 80' lang='lat' dir='ltr'><strong>manu,</strong></span> <span class='ocrx_word' id='word_1_190' title='bbox 463 2052 610 2108; x_wconf 75' lang='lat' dir='ltr'><strong>nectuntque</strong></span> <span class='ocrx_word' id='word_1_191' title='bbox 620 2039 744 2110; x_wconf 79' lang='lat' dir='ltr'><strong>vestigia,</strong></span> <span class='ocrx_word' id='word_1_192' title='bbox 778 2045 819 2095; x_wconf 83' lang='lat' dir='ltr'><strong>te,</strong></span> <span class='ocrx_word' id='word_1_193' title='bbox 829 2036 985 2104; x_wconf 78' lang='lat' dir='ltr'><strong>cognitione,</strong></span> <span class='ocrx_word' id='word_1_194' title='bbox 996 2056 1055 2089; x_wconf 90' lang='lat' dir='ltr'><strong>cnm</strong></span> <span class='ocrx_word' id='word_1_195' title='bbox 1067 2039 1188 2092; x_wconf 83' lang='lat' dir='ltr'><strong>videlicet</strong></span> <span class='ocrx_word' id='word_1_196' title='bbox 1200 2041 1285 2093; x_wconf 87' lang='lat' dir='ltr'><strong>adses-</strong></span> 
     </span>
     <span class='ocr_line' id='line_1_22' title="bbox 237 2114 1284 2193; baseline 0.01 -31"><span class='ocrx_word' id='word_1_197' title='bbox 237 2141 294 2193; x_wconf 58' lang='grc' dir='ltr'><em>ψ</em></span> <span class='ocrx_word' id='word_1_198' title='bbox 311 2121 421 2179; x_wconf 61' lang='lat' dir='ltr'><strong>docent,</strong></span> <span class='ocrx_word' id='word_1_199' title='bbox 432 2117 542 2168; x_wconf 73' lang='lat' dir='ltr'><strong>adfuisse</strong></span> <span class='ocrx_word' id='word_1_200' title='bbox 560 2119 618 2169; x_wconf 61' lang='lat' dir='ltr'><strong>auri</strong></span> <span class='ocrx_word' id='word_1_201' title='bbox 631 2119 686 2168; x_wconf 80' lang='lat' dir='ltr'><strong>vim</strong></span> <span class='ocrx_word' id='word_1_202' title='bbox 700 2132 745 2170; x_wconf 68' lang='lat' dir='ltr'><strong>at.</strong></span> <span class='ocrx_word' id='word_1_203' title='bbox 779 2128 820 2162; x_wconf 85' lang='lat' dir='ltr'><strong>sor</strong></span> <span class='ocrx_word' id='word_1_204' title='bbox 835 2114 859 2164; x_wconf 90' lang='lat' dir='ltr'><strong>ei</strong></span> <span class='ocrx_word' id='word_1_205' title='bbox 874 2117 1081 2189; x_wconf 83' lang='lat' dir='ltr'><strong>consiliariusque</strong></span> <span class='ocrx_word' id='word_1_206' title='bbox 1095 2119 1226 2172; x_wconf 79' lang='lat' dir='ltr'><strong>Asiaticus</strong></span> <span class='ocrx_word' id='word_1_207' title='bbox 1243 2140 1284 2172; x_wconf 87' lang='lat' dir='ltr'><strong>es-</strong></span> 
     </span>
     <span class='ocr_line' id='line_1_23' title="bbox 237 2191 1284 2266; baseline -0.003 -17"><span class='ocrx_word' id='word_1_208' title='bbox 237 2217 293 2266; x_wconf 84' lang='lat' dir='ltr'><strong>que.</strong></span> <span class='ocrx_word' id='word_1_209' title='bbox 305 2195 394 2249; x_wconf 87' lang='lat' dir='ltr'><strong>Simile</strong></span> <span class='ocrx_word' id='word_1_210' title='bbox 406 2193 469 2265; x_wconf 85' lang='lat' dir='ltr'><strong>qnid</strong></span> <span class='ocrx_word' id='word_1_211' title='bbox 481 2194 508 2243; x_wconf 94' lang='lat' dir='ltr'><strong>in</strong></span> <span class='ocrx_word' id='word_1_212' title='bbox 520 2192 579 2245; x_wconf 89' lang='lat' dir='ltr'><strong>cod.</strong></span> <span class='ocrx_word' id='word_1_213' title='bbox 601 2194 671 2245; x_wconf 82' lang='lat' dir='ltr'><strong>Flor.</strong></span> <span class='ocrx_word' id='word_1_214' title='bbox 688 2213 746 2247; x_wconf 83' lang='lat' dir='ltr'><strong>ver·</strong></span> <span class='ocrx_word' id='word_1_215' title='bbox 779 2191 848 2256; x_wconf 71' lang='lat' dir='ltr'><strong>flet,)</strong></span> <span class='ocrx_word' id='word_1_216' title='bbox 860 2191 1000 2244; x_wconf 67' lang='lat' dir='ltr'><strong>clantsima</strong></span> <span class='ocrx_word' id='word_1_217' title='bbox 1008 2213 1083 2257; x_wconf 82' lang='lat' dir='ltr'><strong>voce,</strong></span> <span class='ocrx_word' id='word_1_218' title='bbox 1094 2196 1178 2263; x_wconf 81' lang='lat' dir='ltr'><strong>qualr&#39;s</strong></span> <span class='ocrx_word' id='word_1_219' title='bbox 1187 2197 1214 2247; x_wconf 83' lang='lat' dir='ltr'><strong>in</strong></span> <span class='ocrx_word' id='word_1_220' title='bbox 1224 2214 1284 2248; x_wconf 84' lang='lat' dir='ltr'><strong>con-</strong></span> 
     </span>
     <span class='ocr_line' id='line_1_24' title="bbox 240 2267 1284 2344; baseline -0.002 -17"><span class='ocrx_word' id='word_1_221' title='bbox 240 2276 304 2336; x_wconf 84' lang='lat' dir='ltr'><strong>sati,</strong></span> <span class='ocrx_word' id='word_1_222' title='bbox 315 2272 443 2324; x_wconf 89' lang='lat' dir='ltr'><strong>dissensus</strong></span> <span class='ocrx_word' id='word_1_223' title='bbox 452 2269 569 2322; x_wconf 82' lang='lat' dir='ltr'><strong>Pichenae</strong></span> <span class='ocrx_word' id='word_1_224' title='bbox 583 2282 609 2321; x_wconf 90' lang='lat' dir='ltr'><strong>et</strong></span> <span class='ocrx_word' id='word_1_225' title='bbox 619 2267 746 2322; x_wconf 84' lang='lat' dir='ltr'><strong>Gronovii</strong></span> <span class='ocrx_word' id='word_1_226' title='bbox 778 2268 861 2320; x_wconf 79' lang='lat' dir='ltr'><strong>cubitu</strong></span> <span class='ocrx_word' id='word_1_227' title='bbox 878 2285 945 2322; x_wconf 81' lang='lat' dir='ltr'><strong>esset</strong></span> <span class='ocrx_word' id='word_1_228' title='bbox 956 2291 1024 2323; x_wconf 79' lang='lat' dir='ltr'><strong>uxor</strong></span> <span class='ocrx_word' id='word_1_229' title='bbox 1040 2275 1111 2344; x_wconf 79' lang='lat' dir='ltr'><strong>ejus,</strong></span> <span class='ocrx_word' id='word_1_230' title='bbox 1125 2275 1227 2344; x_wconf 84' lang='lat' dir='ltr'><strong>objecit.</strong></span> <span class='ocrx_word' id='word_1_231' title='bbox 1244 2276 1284 2325; x_wconf 87' lang='lat' dir='ltr'><strong>Di</strong></span> 
     </span>
     <span class='ocr_line' id='line_1_25' title="bbox 237 2343 1283 2421; baseline -0.003 -16"><span class='ocrx_word' id='word_1_232' title='bbox 237 2351 358 2405; x_wconf 84' lang='lat' dir='ltr'><strong>ostendit.</strong></span> <span class='ocrx_word' id='word_1_233' title='bbox 369 2348 677 2421; x_wconf 82' lang='lat' dir='ltr'><strong>IngenioscBipontiniex</strong></span> <span class='ocrx_word' id='word_1_234' title='bbox 686 2349 744 2402; x_wconf 89' lang='lat' dir='ltr'><strong>cod.</strong></span> <span class='ocrx_word' id='word_1_235' title='bbox 777 2343 853 2394; x_wconf 71' lang='lat' dir='ltr'><strong>lvm&#39;!</strong></span> <span class='ocrx_word' id='word_1_236' title='bbox 870 2344 917 2396; x_wconf 66' lang='grc' dir='ltr'><strong>ἧσε</strong></span> <span class='ocrx_word' id='word_1_237' title='bbox 931 2349 1013 2398; x_wconf 75' lang='lat' dir='ltr'><strong>virum</strong></span> <span class='ocrx_word' id='word_1_238' title='bbox 1028 2349 1128 2414; x_wconf 82' lang='lat' dir='ltr'><strong>andire,</strong></span> <span class='ocrx_word' id='word_1_239' title='bbox 1140 2351 1283 2417; x_wconf 59' lang='lat' dir='ltr'><strong>principem</strong></span> 
     </span>
     <span class='ocr_line' id='line_1_26' title="bbox 235 2423 1282 2498; baseline -0.001 -16"><span class='ocrx_word' id='word_1_240' title='bbox 235 2430 310 2482; x_wconf 80' lang='lat' dir='ltr'><strong>Foru.</strong></span> <span class='ocrx_word' id='word_1_241' title='bbox 328 2429 438 2479; x_wconf 88' lang='lat' dir='ltr'><strong>lectione</strong></span> <span class='ocrx_word' id='word_1_242' title='bbox 455 2429 608 2497; x_wconf 85' lang='lat' dir='ltr'><strong>exsculpunt</strong></span> <span class='ocrx_word' id='word_1_243' title='bbox 628 2428 657 2477; x_wconf 83' lang='lat' dir='ltr'><em>V</em></span> <span class='ocrx_word' id='word_1_244' title='bbox 655 2427 743 2490; x_wconf 76' lang='lat' dir='ltr'><strong>alerii,</strong></span> <span class='ocrx_word' id='word_1_245' title='bbox 777 2423 842 2473; x_wconf 75' lang='lat' dir='ltr'><strong>scire</strong></span> <span class='ocrx_word' id='word_1_246' title='bbox 852 2463 858 2486; x_wconf 90' lang='lat'>‚</span> <span class='ocrx_word' id='word_1_247' title='bbox 869 2438 894 2476; x_wconf 88' lang='lat' dir='ltr'><strong>et</strong></span> <span class='ocrx_word' id='word_1_248' title='bbox 910 2444 986 2492; x_wconf 82' lang='lat' dir='ltr'><strong>usque</strong></span> <span class='ocrx_word' id='word_1_249' title='bbox 1005 2446 1034 2477; x_wconf 88' lang='lat' dir='ltr'><strong>eo</strong></span> <span class='ocrx_word' id='word_1_250' title='bbox 1050 2429 1176 2481; x_wconf 78' lang='lat' dir='ltr'><strong>licentiam</strong></span> <span class='ocrx_word' id='word_1_251' title='bbox 1190 2449 1282 2498; x_wconf 81' lang='lat' dir='ltr'><strong>perve-</strong></span> 
     </span>
     <span class='ocr_line' id='line_1_27' title="bbox 234 2501 1284 2573; baseline 0.006 -19"><span class='ocrx_word' id='word_1_252' title='bbox 234 2504 282 2556; x_wconf 87' lang='lat' dir='ltr'><strong>ubi</strong></span> <span class='ocrx_word' id='word_1_253' title='bbox 305 2517 417 2556; x_wconf 81' lang='lat' dir='ltr'><strong>moneret</strong></span> <span class='ocrx_word' id='word_1_254' title='bbox 436 2503 517 2566; x_wconf 89' lang='lat' dir='ltr'><strong>idem,</strong></span> <span class='ocrx_word' id='word_1_255' title='bbox 536 2502 607 2573; x_wconf 92' lang='lat' dir='ltr'><strong>quod</strong></span> <span class='ocrx_word' id='word_1_256' title='bbox 627 2501 742 2556; x_wconf 76' lang='lat' dir='ltr'><strong>docent.</strong></span> <span class='ocrx_word' id='word_1_257' title='bbox 777 2502 853 2565; x_wconf 84' lang='lat' dir='ltr'><strong>nisse,</strong></span> <span class='ocrx_word' id='word_1_258' title='bbox 879 2516 906 2554; x_wconf 84' lang='lat' dir='ltr'><strong>ut</strong></span> <span class='ocrx_word' id='word_1_259' title='bbox 920 2522 971 2554; x_wconf 88' lang='lat' dir='ltr'><strong>non</strong></span> <span class='ocrx_word' id='word_1_260' title='bbox 996 2505 1052 2557; x_wconf 85' lang='lat' dir='ltr'><strong>dico</strong></span> <span class='ocrx_word' id='word_1_261' title='bbox 1073 2509 1214 2570; x_wconf 74' lang='lat' dir='ltr'><strong>consulari,</strong></span> <span class='ocrx_word' id='word_1_262' title='bbox 1231 2529 1284 2560; x_wconf 87' lang='lat' dir='ltr'><strong>non</strong></span> 
     </span>
     <span class='ocr_line' id='line_1_28' title="bbox 235 2577 1284 2653; baseline 0.002 -20"><span class='ocrx_word' id='word_1_263' title='bbox 235 2579 342 2644; x_wconf 73' lang='lat' dir='ltr'><strong>Putant,</strong></span> <span class='ocrx_word' id='word_1_264' title='bbox 363 2581 494 2634; x_wconf 89' lang='lat' dir='ltr'><strong>Sosibium</strong></span> <span class='ocrx_word' id='word_1_265' title='bbox 513 2584 562 2633; x_wconf 79' lang='lat' dir='ltr'><strong>ista</strong></span> <span class='ocrx_word' id='word_1_266' title='bbox 576 2581 745 2650; x_wconf 78' lang='lat' dir='ltr'><strong>geminatione</strong></span> <span class='ocrx_word' id='word_1_267' title='bbox 778 2577 835 2630; x_wconf 89' lang='lat' dir='ltr'><strong>dico</strong></span> <span class='ocrx_word' id='word_1_268' title='bbox 845 2583 934 2644; x_wconf 86' lang='lat' dir='ltr'><strong>amico,</strong></span> <span class='ocrx_word' id='word_1_269' title='bbox 941 2581 989 2631; x_wconf 82' lang='lat' dir='ltr'><strong>sed</strong></span> <span class='ocrx_word' id='word_1_270' title='bbox 996 2595 1091 2633; x_wconf 71' lang='lat' dir='ltr'><strong>tannem</strong></span> <span class='ocrx_word' id='word_1_271' title='bbox 1101 2587 1206 2647; x_wconf 76' lang='lat' dir='ltr'><strong>marito,</strong></span> <span class='ocrx_word' id='word_1_272' title='bbox 1213 2587 1284 2653; x_wconf 76' lang='lat' dir='ltr'><strong>prin-</strong></span> 
     </span>
     <span class='ocr_line' id='line_1_29' title="bbox 233 2657 1285 2728; baseline 0.002 -17"><span class='ocrx_word' id='word_1_273' title='bbox 233 2662 345 2711; x_wconf 78' lang='lat' dir='ltr'><strong>uominis</strong></span> <span class='ocrx_word' id='word_1_274' title='bbox 366 2658 485 2728; x_wconf 78' lang='lat' dir='ltr'><strong>augendae</strong></span> <span class='ocrx_word' id='word_1_275' title='bbox 508 2657 611 2711; x_wconf 71' lang='lat' dir='ltr'><strong>invidio</strong></span> <span class='ocrx_word' id='word_1_276' title='bbox 637 2672 663 2711; x_wconf 90' lang='lat' dir='ltr'><strong>et</strong></span> <span class='ocrx_word' id='word_1_277' title='bbox 685 2660 745 2712; x_wconf 84' lang='lat' dir='ltr'><strong>fidei</strong></span> <span class='ocrx_word' id='word_1_278' title='bbox 776 2673 835 2724; x_wconf 79' lang='lat' dir='ltr'><strong>ceps</strong></span> <span class='ocrx_word' id='word_1_279' title='bbox 849 2670 875 2708; x_wconf 84' lang='lat' dir='ltr'><strong>ct</strong></span> <span class='ocrx_word' id='word_1_280' title='bbox 892 2657 1041 2709; x_wconf 79' lang='lat' dir='ltr'><strong>adulterium</strong></span> <span class='ocrx_word' id='word_1_281' title='bbox 1062 2677 1131 2710; x_wconf 83' lang='lat' dir='ltr'><strong>suum</strong></span> <span class='ocrx_word' id='word_1_282' title='bbox 1150 2675 1239 2713; x_wconf 73' lang='lat' dir='ltr'><strong>norm</strong></span> <span class='ocrx_word' id='word_1_283' title='bbox 1258 2675 1285 2712; x_wconf 84' lang='lat' dir='ltr'><strong>et</strong></span> 
     </span>
     <span class='ocr_line' id='line_1_30' title="bbox 233 2731 1281 2805; baseline 0.004 -20"><span class='ocrx_word' id='word_1_284' title='bbox 233 2737 316 2804; x_wconf 71' lang='lat' dir='ltr'><strong>gratia</strong></span> <span class='ocrx_word' id='word_1_285' title='bbox 327 2753 417 2800; x_wconf 80' lang='lat' dir='ltr'><strong>usum3</strong></span> <span class='ocrx_word' id='word_1_286' title='bbox 435 2735 512 2786; x_wconf 85' lang='lat' dir='ltr'><strong>fuisse</strong></span> <span class='ocrx_word' id='word_1_287' title='bbox 528 2736 625 2804; x_wconf 83' lang='lat' dir='ltr'><strong>qnippe</strong></span> <span class='ocrx_word' id='word_1_288' title='bbox 642 2735 745 2788; x_wconf 86' lang='lat' dir='ltr'><strong>Valerio</strong></span> <span class='ocrx_word' id='word_1_289' title='bbox 769 2731 930 2798; x_wconf 77' lang='lat' dir='ltr'><strong>fastidium?</strong></span> <span class='ocrx_word' id='word_1_290' title='bbox 939 2734 1004 2786; x_wconf 89' lang='lat' dir='ltr'><strong>Vide</strong></span> <span class='ocrx_word' id='word_1_291' title='bbox 1013 2734 1152 2805; x_wconf 90' lang='lat' dir='ltr'><strong>Josephum</strong></span> <span class='ocrx_word' id='word_1_292' title='bbox 1165 2737 1281 2804; x_wconf 75' lang='lat' dir='ltr'><strong>Antip,</strong></span> 
     </span>
     <span class='ocr_line' id='line_1_31' title="bbox 229 2810 1279 2884; baseline -0.002 -19"><span class='ocrx_word' id='word_1_293' title='bbox 229 2831 297 2884; x_wconf 86' lang='lat' dir='ltr'><strong>opos</strong></span> <span class='ocrx_word' id='word_1_294' title='bbox 304 2813 442 2883; x_wconf 80' lang='lat' dir='ltr'><strong>gentilitias</strong></span> <span class='ocrx_word' id='word_1_295' title='bbox 449 2824 474 2862; x_wconf 91' lang='lat' dir='ltr'><strong>et</strong></span> <span class='ocrx_word' id='word_1_296' title='bbox 481 2812 745 2881; x_wconf 79' lang='lat' dir='ltr'><strong>Asiaticicognomen</strong></span> <span class='ocrx_word' id='word_1_297' title='bbox 781 2826 806 2870; x_wconf 86' lang='lat'><strong>1,</strong></span> <span class='ocrx_word' id='word_1_298' title='bbox 825 2811 945 2860; x_wconf 73' lang='lat' dir='ltr'><strong>20.L11’s.</strong></span> <span class='ocrx_word' id='word_1_299' title='bbox 963 2810 1096 2863; x_wconf 80' lang='lat' dir='ltr'><strong>Rhenanus</strong></span> <span class='ocrx_word' id='word_1_300' title='bbox 1113 2832 1126 2863; x_wconf 91' lang='lat' dir='ltr'><strong>e</strong></span> <span class='ocrx_word' id='word_1_301' title='bbox 1142 2813 1200 2864; x_wconf 90' lang='lat' dir='ltr'><strong>cod.</strong></span> <span class='ocrx_word' id='word_1_302' title='bbox 1215 2813 1279 2865; x_wconf 88' lang='lat' dir='ltr'><strong>Bud.</strong></span> 
     </span>
     <span class='ocr_line' id='line_1_32' title="bbox 234 2884 1281 2959; baseline 0 -18"><span class='ocrx_word' id='word_1_303' title='bbox 234 2890 344 2959; x_wconf 81' lang='lat' dir='ltr'><strong>majores</strong></span> <span class='ocrx_word' id='word_1_304' title='bbox 356 2889 462 2957; x_wconf 88' lang='lat' dir='ltr'><strong>spiritus</strong></span> <span class='ocrx_word' id='word_1_305' title='bbox 476 2900 502 2938; x_wconf 89' lang='lat' dir='ltr'><strong>et</strong></span> <span class='ocrx_word' id='word_1_306' title='bbox 516 2888 639 2938; x_wconf 84' lang='lat' dir='ltr'><strong>ferociam</strong></span> <span class='ocrx_word' id='word_1_307' title='bbox 649 2890 746 2957; x_wconf 89' lang='lat' dir='ltr'><strong>princi·</strong></span> <span class='ocrx_word' id='word_1_308' title='bbox 776 2884 881 2935; x_wconf 79' lang='lat' dir='ltr'><strong>volebat</strong></span> <span class='ocrx_word' id='word_1_309' title='bbox 891 2885 1049 2948; x_wconf 87' lang='lat' dir='ltr'><strong>concionem,</strong></span> <span class='ocrx_word' id='word_1_310' title='bbox 1061 2887 1132 2958; x_wconf 88' lang='lat' dir='ltr'><strong>quod</strong></span> <span class='ocrx_word' id='word_1_311' title='bbox 1150 2902 1188 2940; x_wconf 87' lang='lat' dir='ltr'><strong>est</strong></span> <span class='ocrx_word' id='word_1_312' title='bbox 1204 2891 1281 2941; x_wconf 79' lang='lat' dir='ltr'><strong>etiam</strong></span> 
     </span>
     <span class='ocr_line' id='line_1_33' title="bbox 235 2958 1280 3036; baseline 0.001 -18"><span class='ocrx_word' id='word_1_313' title='bbox 235 2966 312 3036; x_wconf 89' lang='lat' dir='ltr'><strong>pibus</strong></span> <span class='ocrx_word' id='word_1_314' title='bbox 336 2965 460 3016; x_wconf 82' lang='lat' dir='ltr'><strong>infensam</strong></span> <span class='ocrx_word' id='word_1_315' title='bbox 486 2965 592 3032; x_wconf 82' lang='lat' dir='ltr'><strong>signare.</strong></span> <span class='ocrx_word' id='word_1_316' title='bbox 616 2963 744 3025; x_wconf 82' lang='lat' dir='ltr'><strong>Addunt,</strong></span> <span class='ocrx_word' id='word_1_317' title='bbox 775 2960 803 3009; x_wconf 85' lang='lat' dir='ltr'><strong>in</strong></span> <span class='ocrx_word' id='word_1_318' title='bbox 823 2958 863 3009; x_wconf 82' lang='lat' dir='ltr'><strong>ed·</strong></span> <span class='ocrx_word' id='word_1_319' title='bbox 881 2962 961 3029; x_wconf 87' lang='lat' dir='ltr'><strong>princ.</strong></span> <span class='ocrx_word' id='word_1_320' title='bbox 984 2964 1086 3015; x_wconf 90' lang='lat' dir='ltr'><strong>sublato</strong></span> <span class='ocrx_word' id='word_1_321' title='bbox 1106 2984 1167 3016; x_wconf 83' lang='lat' dir='ltr'><strong>mox</strong></span> <span class='ocrx_word' id='word_1_322' title='bbox 1180 2968 1280 3031; x_wconf 72' lang='lat' dir='ltr'><strong>fictori:</strong></span> 
     </span>
     <span class='ocr_line' id='line_1_34' title="bbox 234 3037 1281 3113; baseline 0.002 -16"><span class='ocrx_word' id='word_1_323' title='bbox 234 3047 316 3097; x_wconf 83' lang='lat' dir='ltr'><strong>solere</strong></span> <span class='ocrx_word' id='word_1_324' title='bbox 334 3056 450 3095; x_wconf 89' lang='lat' dir='ltr'><strong>nostrum</strong></span> <span class='ocrx_word' id='word_1_325' title='bbox 465 3043 628 3103; x_wconf 70' lang='lat' dir='ltr'><strong>ecstaseos,</strong></span> <span class='ocrx_word' id='word_1_326' title='bbox 642 3041 675 3092; x_wconf 90' lang='lat' dir='ltr'><strong>de</strong></span> <span class='ocrx_word' id='word_1_327' title='bbox 687 3045 745 3111; x_wconf 83' lang='lat' dir='ltr'><strong>qui-</strong></span> <span class='ocrx_word' id='word_1_328' title='bbox 776 3037 846 3106; x_wconf 89' lang='lat' dir='ltr'><strong>quod</strong></span> <span class='ocrx_word' id='word_1_329' title='bbox 866 3057 918 3089; x_wconf 90' lang='lat' dir='ltr'><strong>non</strong></span> <span class='ocrx_word' id='word_1_330' title='bbox 933 3040 1036 3111; x_wconf 80' lang='lat' dir='ltr'><strong>quidem</strong></span> <span class='ocrx_word' id='word_1_331' title='bbox 1053 3041 1086 3092; x_wconf 80' lang='lat' dir='ltr'><strong>ab</strong></span> <span class='ocrx_word' id='word_1_332' title='bbox 1105 3047 1173 3113; x_wconf 85' lang='lat' dir='ltr'><strong>ipso,</strong></span> <span class='ocrx_word' id='word_1_333' title='bbox 1189 3046 1235 3097; x_wconf 86' lang='lat' dir='ltr'><strong>sed</strong></span> <span class='ocrx_word' id='word_1_334' title='bbox 1247 3046 1281 3099; x_wconf 82' lang='lat' dir='ltr'><strong>ab</strong></span> 
     </span>
     <span class='ocr_line' id='line_1_35' title="bbox 234 3113 1280 3191; baseline 0.005 -21"><span class='ocrx_word' id='word_1_335' title='bbox 234 3120 745 3189; x_wconf 78' lang='lat' dir='ltr'><strong>busdicit,morgentilitionomine‚m01</strong></span> <span class='ocrx_word' id='word_1_336' title='bbox 777 3113 834 3164; x_wconf 78' lang='lat' dir='ltr'><strong>aliis</strong></span> <span class='ocrx_word' id='word_1_337' title='bbox 856 3119 987 3168; x_wconf 79' lang='lat' dir='ltr'><strong>tamenin</strong></span> <span class='ocrx_word' id='word_1_338' title='bbox 1009 3131 1109 3170; x_wconf 85' lang='lat' dir='ltr'><strong>textum</strong></span> <span class='ocrx_word' id='word_1_339' title='bbox 1131 3136 1280 3191; x_wconf 89' lang='lat' dir='ltr'><strong>receptum,</strong></span> 
     </span>
     <span class='ocr_line' id='line_1_36' title="bbox 236 3192 1281 3269; baseline 0 -17"><span class='ocrx_word' id='word_1_340' title='bbox 236 3201 387 3269; x_wconf 85' lang='lat' dir='ltr'><strong>cognomine</strong></span> <span class='ocrx_word' id='word_1_341' title='bbox 399 3196 504 3257; x_wconf 81' lang='lat' dir='ltr'><strong>efferre,</strong></span> <span class='ocrx_word' id='word_1_342' title='bbox 514 3209 543 3247; x_wconf 91' lang='lat' dir='ltr'><strong>ut</strong></span> <span class='ocrx_word' id='word_1_343' title='bbox 555 3196 585 3257; x_wconf 88' lang='grc'><strong>5,</strong></span> <span class='ocrx_word' id='word_1_344' title='bbox 600 3197 641 3262; x_wconf 71' lang='grc'><strong>4.,</strong></span> <span class='ocrx_word' id='word_1_345' title='bbox 657 3198 744 3246; x_wconf 80' lang='lat' dir='ltr'><strong>Nero·</strong></span> <span class='ocrx_word' id='word_1_346' title='bbox 777 3192 853 3241; x_wconf 82' lang='lat' dir='ltr'><strong>etiam</strong></span> <span class='ocrx_word' id='word_1_347' title='bbox 864 3193 959 3262; x_wconf 85' lang='lat' dir='ltr'><strong>Lipsio.</strong></span> <span class='ocrx_word' id='word_1_348' title='bbox 972 3193 1051 3264; x_wconf 87' lang='lat' dir='ltr'><strong>Quod</strong></span> <span class='ocrx_word' id='word_1_349' title='bbox 1067 3215 1135 3248; x_wconf 87' lang='lat' dir='ltr'><strong>nunc</strong></span> <span class='ocrx_word' id='word_1_350' title='bbox 1145 3210 1195 3261; x_wconf 83' lang='lat' dir='ltr'><strong>est,</strong></span> <span class='ocrx_word' id='word_1_351' title='bbox 1206 3202 1281 3252; x_wconf 89' lang='lat' dir='ltr'><strong>resti-</strong></span> 
     </span>
     <span class='ocr_line' id='line_1_37' title="bbox 235 3269 1279 3344; baseline 0.003 -16"><span class='ocrx_word' id='word_1_352' title='bbox 235 3295 293 3328; x_wconf 86' lang='lat' dir='ltr'><strong>nem</strong></span> <span class='ocrx_word' id='word_1_353' title='bbox 303 3279 440 3335; x_wconf 71' lang='lat' dir='ltr'><strong>Censorem,</strong></span> <span class='ocrx_word' id='word_1_354' title='bbox 456 3274 603 3324; x_wconf 79' lang='lat' dir='ltr'><strong>Germanici</strong></span> <span class='ocrx_word' id='word_1_355' title='bbox 613 3275 644 3341; x_wconf 89' lang='lat' dir='ltr'><em>f</em></span> <span class='ocrx_word' id='word_1_356' title='bbox 660 3273 693 3324; x_wconf 87' lang='lat' dir='ltr'><strong>H.</strong></span> <span class='ocrx_word' id='word_1_357' title='bbox 713 3274 743 3335; x_wconf 84' lang='lat'><strong>3,</strong></span> <span class='ocrx_word' id='word_1_358' title='bbox 777 3270 827 3319; x_wconf 82' lang='lat' dir='ltr'><strong>tuit</strong></span> <span class='ocrx_word' id='word_1_359' title='bbox 836 3269 946 3321; x_wconf 84' lang='lat' dir='ltr'><strong>Pich&#39;ena</strong></span> <span class='ocrx_word' id='word_1_360' title='bbox 955 3273 981 3323; x_wconf 90' lang='lat' dir='ltr'><strong>in</strong></span> <span class='ocrx_word' id='word_1_361' title='bbox 991 3271 1063 3324; x_wconf 71' lang='lat' dir='ltr'><strong>libris</strong></span> <span class='ocrx_word' id='word_1_362' title='bbox 1070 3312 1077 3336; x_wconf 92' lang='lat'>‚</span> <span class='ocrx_word' id='word_1_363' title='bbox 1087 3288 1175 3344; x_wconf 83' lang='lat' dir='ltr'><strong>estque</strong></span> <span class='ocrx_word' id='word_1_364' title='bbox 1183 3277 1211 3327; x_wconf 90' lang='lat' dir='ltr'><strong>in</strong></span> <span class='ocrx_word' id='word_1_365' title='bbox 1220 3276 1279 3331; x_wconf 85' lang='lat' dir='ltr'><strong>MS.</strong></span> 
     </span>
     <span class='ocr_line' id='line_1_38' title="bbox 240 3346 1281 3418; baseline 0.003 -13"><span class='ocrx_word' id='word_1_366' title='bbox 240 3374 292 3418; x_wconf 63' lang='lat'><strong>11„</strong></span> <span class='ocrx_word' id='word_1_367' title='bbox 303 3352 434 3418; x_wconf 86' lang='lat' dir='ltr'><strong>Aponium</strong></span> <span class='ocrx_word' id='word_1_368' title='bbox 443 3351 618 3401; x_wconf 72' lang='lat' dir='ltr'><strong>Saturnium.</strong></span> <span class='ocrx_word' id='word_1_369' title='bbox 629 3349 697 3401; x_wconf 90' lang='lat' dir='ltr'><strong>Mihi</strong></span> <span class='ocrx_word' id='word_1_370' title='bbox 707 3367 743 3399; x_wconf 89' lang='lat' dir='ltr'><strong>re-</strong></span> <span class='ocrx_word' id='word_1_371' title='bbox 776 3346 864 3400; x_wconf 84' lang='lat' dir='ltr'><strong>Guell.</strong></span> <span class='ocrx_word' id='word_1_372' title='bbox 876 3351 952 3401; x_wconf 81' lang='lat' dir='ltr'><strong>etiam</strong></span> <span class='ocrx_word' id='word_1_373' title='bbox 961 3352 988 3401; x_wconf 88' lang='lat' dir='ltr'><strong>in</strong></span> <span class='ocrx_word' id='word_1_374' title='bbox 998 3351 1036 3401; x_wconf 89' lang='lat' dir='ltr'><strong>ed.</strong></span> <span class='ocrx_word' id='word_1_375' title='bbox 1045 3351 1193 3416; x_wconf 73' lang='lat' dir='ltr'><strong>Puteolani,</strong></span> <span class='ocrx_word' id='word_1_376' title='bbox 1203 3369 1231 3407; x_wconf 90' lang='lat' dir='ltr'><strong>et</strong></span> <span class='ocrx_word' id='word_1_377' title='bbox 1238 3358 1281 3408; x_wconf 88' lang='lat' dir='ltr'><strong>Ri-</strong></span> 
     </span>
     <span class='ocr_line' id='line_1_39' title="bbox 235 3426 1280 3502; baseline 0.004 -19"><span class='ocrx_word' id='word_1_378' title='bbox 235 3432 398 3502; x_wconf 87' lang='lat' dir='ltr'><strong>ccptalectio</strong></span> <span class='ocrx_word' id='word_1_379' title='bbox 409 3429 507 3481; x_wconf 90' lang='lat' dir='ltr'><strong>bonum</strong></span> <span class='ocrx_word' id='word_1_380' title='bbox 520 3426 626 3479; x_wconf 87' lang='lat' dir='ltr'><strong>fundere</strong></span> <span class='ocrx_word' id='word_1_381' title='bbox 642 3446 744 3480; x_wconf 87' lang='lat' dir='ltr'><strong>sensum</strong></span> <span class='ocrx_word' id='word_1_382' title='bbox 776 3429 822 3479; x_wconf 79' lang='lat' dir='ltr'><strong>vii.</strong></span> <span class='ocrx_word' id='word_1_383' title='bbox 842 3427 882 3479; x_wconf 88' lang='lat' dir='ltr'><strong>De</strong></span> <span class='ocrx_word' id='word_1_384' title='bbox 904 3448 931 3480; x_wconf 88' lang='lat' dir='ltr'><strong>re</strong></span> <span class='ocrx_word' id='word_1_385' title='bbox 953 3432 1007 3499; x_wconf 81' lang='lat' dir='ltr'><strong>ipsa</strong></span> <span class='ocrx_word' id='word_1_386' title='bbox 1025 3431 1087 3483; x_wconf 83' lang='lat' dir='ltr'><strong>vide</strong></span> <span class='ocrx_word' id='word_1_387' title='bbox 1109 3436 1280 3487; x_wconf 74' lang='lat' dir='ltr'><strong>narrationem</strong></span> 
     </span>
     <span class='ocr_line' id='line_1_40' title="bbox 238 3503 1281 3572; baseline 0.002 -10"><span class='ocrx_word' id='word_1_388' title='bbox 238 3510 352 3563; x_wconf 77' lang='lat' dir='ltr'><strong>videtur.</strong></span> <span class='ocrx_word' id='word_1_389' title='bbox 776 3503 867 3556; x_wconf 88' lang='lat' dir='ltr'><strong>Diouis</strong></span> <span class='ocrx_word' id='word_1_390' title='bbox 879 3506 922 3572; x_wconf 86' lang='lat'><strong>59,</strong></span> <span class='ocrx_word' id='word_1_391' title='bbox 933 3509 973 3558; x_wconf 86' lang='grc' dir='ltr'><strong>3ο.</strong></span> <span class='ocrx_word' id='word_1_392' title='bbox 982 3507 1103 3559; x_wconf 87' lang='lat' dir='ltr'><strong>Ceterum</strong></span> <span class='ocrx_word' id='word_1_393' title='bbox 1114 3527 1153 3560; x_wconf 89' lang='lat' dir='ltr'><strong>res</strong></span> <span class='ocrx_word' id='word_1_394' title='bbox 1162 3509 1204 3561; x_wconf 87' lang='lat' dir='ltr'><strong>bic</strong></span> <span class='ocrx_word' id='word_1_395' title='bbox 1212 3513 1281 3564; x_wconf 80' lang='lat' dir='ltr'><strong>inri-</strong></span> 
     </span>
     <span class='ocr_line' id='line_1_41' title="bbox 269 3579 1280 3655; baseline 0.009 -24"><span class='ocrx_word' id='word_1_396' title='bbox 269 3587 446 3655; x_wconf 66' lang='lat' dir='ltr'><strong>Imepficiendi</strong></span> <span class='ocrx_word' id='word_1_397' title='bbox 463 3587 579 3637; x_wconf 67' lang='lat' dir='ltr'><strong>caesam.</strong></span> <span class='ocrx_word' id='word_1_398' title='bbox 593 3586 744 3654; x_wconf 76' lang='lat' dir='ltr'><strong>Interpunxi</strong></span> <span class='ocrx_word' id='word_1_399' title='bbox 775 3579 845 3632; x_wconf 85' lang='lat' dir='ltr'><strong>diosc</strong></span> <span class='ocrx_word' id='word_1_400' title='bbox 856 3595 970 3650; x_wconf 82' lang='lat' dir='ltr'><strong>augetur.</strong></span> <span class='ocrx_word' id='word_1_401' title='bbox 981 3582 1049 3634; x_wconf 82' lang='lat' dir='ltr'><strong>llam</strong></span> <span class='ocrx_word' id='word_1_402' title='bbox 1057 3587 1159 3653; x_wconf 91' lang='lat' dir='ltr'><strong>proprie</strong></span> <span class='ocrx_word' id='word_1_403' title='bbox 1167 3605 1218 3638; x_wconf 88' lang='lat' dir='ltr'><strong>non</strong></span> <span class='ocrx_word' id='word_1_404' title='bbox 1227 3589 1280 3640; x_wconf 80' lang='lat' dir='ltr'><strong>fas·</strong></span> 
     </span>
     <span class='ocr_line' id='line_1_42' title="bbox 238 3661 1278 3736; baseline 0.001 -20"><span class='ocrx_word' id='word_1_405' title='bbox 238 3677 298 3736; x_wconf 82' lang='lat' dir='ltr'><strong>post</strong></span> <span class='ocrx_word' id='word_1_406' title='bbox 310 3665 417 3715; x_wconf 68' lang='lat' dir='ltr'><strong>Cosanis</strong></span> <span class='ocrx_word' id='word_1_407' title='bbox 423 3701 432 3725; x_wconf 91' lang='lat'><em>,</em></span> <span class='ocrx_word' id='word_1_408' title='bbox 441 3682 472 3714; x_wconf 92' lang='lat' dir='ltr'><strong>ne</strong></span> <span class='ocrx_word' id='word_1_409' title='bbox 482 3662 612 3732; x_wconf 79' lang='lat' dir='ltr'><strong>sequentia</strong></span> <span class='ocrx_word' id='word_1_410' title='bbox 622 3680 636 3711; x_wconf 82' lang='lat' dir='ltr'><strong>e</strong></span> <span class='ocrx_word' id='word_1_411' title='bbox 648 3681 744 3731; x_wconf 75' lang='lat' dir='ltr'><strong>proce·</strong></span> <span class='ocrx_word' id='word_1_412' title='bbox 776 3678 818 3711; x_wconf 87' lang='lat' dir='ltr'><strong>sus</strong></span> <span class='ocrx_word' id='word_1_413' title='bbox 827 3673 865 3711; x_wconf 86' lang='lat' dir='ltr'><strong>est</strong></span> <span class='ocrx_word' id='word_1_414' title='bbox 872 3663 923 3713; x_wconf 82' lang='lat' dir='ltr'><strong>tale</strong></span> <span class='ocrx_word' id='word_1_415' title='bbox 933 3661 1004 3732; x_wconf 88' lang='lat' dir='ltr'><strong>quid,</strong></span> <span class='ocrx_word' id='word_1_416' title='bbox 1011 3661 1054 3714; x_wconf 85' lang='lat' dir='ltr'><strong>sed</strong></span> <span class='ocrx_word' id='word_1_417' title='bbox 1064 3681 1090 3714; x_wconf 86' lang='lat' dir='ltr'><strong>se</strong></span> <span class='ocrx_word' id='word_1_418' title='bbox 1101 3676 1189 3732; x_wconf 80' lang='lat' dir='ltr'><strong>optare</strong></span> <span class='ocrx_word' id='word_1_419' title='bbox 1196 3665 1278 3730; x_wconf 84' lang='lat' dir='ltr'><strong>dixit,</strong></span> 
     </span>
     <span class='ocr_line' id='line_1_43' title="bbox 239 3738 1279 3810; baseline 0.006 -18"><span class='ocrx_word' id='word_1_420' title='bbox 239 3739 360 3792; x_wconf 88' lang='lat' dir='ltr'><strong>dentibus</strong></span> <span class='ocrx_word' id='word_1_421' title='bbox 373 3738 508 3809; x_wconf 78' lang='lat' dir='ltr'><strong>pendeant.</strong></span> <span class='ocrx_word' id='word_1_422' title='bbox 529 3738 597 3788; x_wconf 86' lang='lat' dir='ltr'><strong>Nem</strong></span> <span class='ocrx_word' id='word_1_423' title='bbox 611 3753 689 3808; x_wconf 79' lang='lat' dir='ltr'><strong>caput</strong></span> <span class='ocrx_word' id='word_1_424' title='bbox 704 3751 742 3790; x_wconf 91' lang='lat' dir='ltr'><strong>est</strong></span> <span class='ocrx_word' id='word_1_425' title='bbox 775 3752 805 3790; x_wconf 90' lang='lat' dir='ltr'><strong>ut</strong></span> <span class='ocrx_word' id='word_1_426' title='bbox 821 3741 988 3792; x_wconf 84' lang='lat' dir='ltr'><strong>interfecisset</strong></span> <span class='ocrx_word' id='word_1_427' title='bbox 1004 3742 1059 3810; x_wconf 89' lang='lat' dir='ltr'><strong>ipsc</strong></span> <span class='ocrx_word' id='word_1_428' title='bbox 1079 3741 1177 3794; x_wconf 84' lang='lat' dir='ltr'><strong>Caium.</strong></span> <span class='ocrx_word' id='word_1_429' title='bbox 1193 3745 1279 3798; x_wconf 85' lang='lat' dir='ltr'><strong>Locus</strong></span> 
     </span>
     <span class='ocr_line' id='line_1_44' title="bbox 240 3815 1279 3888; baseline 0.005 -18"><span class='ocrx_word' id='word_1_430' title='bbox 240 3818 349 3888; x_wconf 83' lang='lat' dir='ltr'><strong>duplex:</strong></span> <span class='ocrx_word' id='word_1_431' title='bbox 363 3816 571 3888; x_wconf 86' lang='lat' dir='ltr'><strong>primum‚quod</strong></span> <span class='ocrx_word' id='word_1_432' title='bbox 579 3830 668 3868; x_wconf 88' lang='lat' dir='ltr'><strong>auctor</strong></span> <span class='ocrx_word' id='word_1_433' title='bbox 677 3836 743 3885; x_wconf 82' lang='lat' dir='ltr'><strong>prae-</strong></span> <span class='ocrx_word' id='word_1_434' title='bbox 774 3815 876 3869; x_wconf 75' lang='lat' dir='ltr'><strong>senece</strong></span> <span class='ocrx_word' id='word_1_435' title='bbox 896 3833 912 3866; x_wconf 79' lang='lat' dir='ltr'>a</span> <span class='ocrx_word' id='word_1_436' title='bbox 931 3817 1017 3886; x_wconf 85' lang='lat' dir='ltr'><strong>Liprio</strong></span> <span class='ocrx_word' id='word_1_437' title='bbox 1041 3818 1131 3869; x_wconf 81' lang='lat' dir='ltr'><strong>allatus</strong></span> <span class='ocrx_word' id='word_1_438' title='bbox 1152 3832 1223 3872; x_wconf 85' lang='lat' dir='ltr'><strong>extat</strong></span> <span class='ocrx_word' id='word_1_439' title='bbox 1245 3822 1279 3874; x_wconf 88' lang='lat' dir='ltr'><strong>de</strong></span> 
     </span>
     <span class='ocr_line' id='line_1_45' title="bbox 240 3893 1279 3966; baseline 0.007 -21"><span class='ocrx_word' id='word_1_440' title='bbox 240 3895 332 3962; x_wconf 86' lang='lat' dir='ltr'><strong>cipuus</strong></span> <span class='ocrx_word' id='word_1_441' title='bbox 342 3895 418 3945; x_wconf 85' lang='lat' dir='ltr'><strong>suerit</strong></span> <span class='ocrx_word' id='word_1_442' title='bbox 432 3893 496 3944; x_wconf 78' lang='lat' dir='ltr'><strong>Caes.</strong></span> <span class='ocrx_word' id='word_1_443' title='bbox 511 3893 694 3961; x_wconf 78' lang='lat' dir='ltr'><strong>interficiendi3</strong></span> <span class='ocrx_word' id='word_1_444' title='bbox 705 3894 743 3944; x_wconf 92' lang='lat' dir='ltr'><strong>al·</strong></span> <span class='ocrx_word' id='word_1_445' title='bbox 775 3895 924 3948; x_wconf 81' lang='lat' dir='ltr'><strong>Constantia</strong></span> <span class='ocrx_word' id='word_1_446' title='bbox 940 3914 964 3948; x_wconf 90' lang='lat' dir='ltr'><strong>c.</strong></span> <span class='ocrx_word' id='word_1_447' title='bbox 982 3899 1020 3948; x_wconf 83' lang='lat'><strong>18.</strong></span> <span class='ocrx_word' id='word_1_448' title='bbox 1034 3895 1102 3948; x_wconf 84' lang='lat' dir='ltr'><strong>Enn.</strong></span> <span class='ocrx_word' id='word_1_449' title='bbox 1117 3895 1217 3966; x_wconf 90' lang='lat' dir='ltr'><strong>Sequor</strong></span> <span class='ocrx_word' id='word_1_450' title='bbox 1234 3900 1279 3952; x_wconf 88' lang='lat' dir='ltr'><strong>Bi·</strong></span> 
     </span>
    </p>
   </div>
   <div class='ocr_carea' id='block_1_6' title="bbox 236 3971 1277 4046">
    <p class='ocr_par' dir='ltr' id='par_1_6' title="bbox 236 3971 1277 4046">
     <span class='ocr_line' id='line_1_46' title="bbox 236 3971 1277 4046; baseline 0.008 -21"><span class='ocrx_word' id='word_1_451' title='bbox 236 3985 338 4041; x_wconf 83' lang='lat' dir='ltr'><strong>·terum,</strong></span> <span class='ocrx_word' id='word_1_452' title='bbox 352 3971 463 4046; x_wconf 83' lang='lat' dir='ltr'><strong>quodid</strong></span> <span class='ocrx_word' id='word_1_453' title='bbox 477 3973 553 4024; x_wconf 83' lang='lat' dir='ltr'><strong>etiam</strong></span> <span class='ocrx_word' id='word_1_454' title='bbox 561 3971 646 4042; x_wconf 68' lang='lat' dir='ltr'><strong>palam</strong></span> <span class='ocrx_word' id='word_1_455' title='bbox 655 3973 743 4026; x_wconf 88' lang='lat' dir='ltr'><strong>tulerit</strong></span> <span class='ocrx_word' id='word_1_456' title='bbox 775 3973 954 4044; x_wconf 85' lang='lat' dir='ltr'><strong>pontinos,qui</strong></span> <span class='ocrx_word' id='word_1_457' title='bbox 960 3973 1104 4025; x_wconf 82' lang='lat' dir='ltr'><strong>concionem</strong></span> <span class='ocrx_word' id='word_1_458' title='bbox 1111 3973 1205 4031; x_wconf 75' lang='lat' dir='ltr'><strong>codicis</strong></span> <span class='ocrx_word' id='word_1_459' title='bbox 1211 3976 1277 4033; x_wconf 78' lang='lat' dir='ltr'><strong>Buo.</strong></span> 
     </span>
    </p>
   </div>
   <div class='ocr_carea' id='block_1_7' title="bbox 0 0 1336 4830">
    <p class='ocr_par' dir='ltr' id='par_1_7' title="bbox 0 0 1336 4830">
     <span class='ocr_line' id='line_1_47' title="bbox 0 0 1336 4830; baseline 0 5"><span class='ocrx_word' id='word_1_460' title='bbox 0 0 1336 4830; x_wconf 95' lang='lat' dir='ltr'><strong> </strong></span> 
     </span>
    </p>
   </div>
  </div>
 </body>
</html>
