2662 4830
172 305 273 348 uua·-
482 306 671 382 arran
694 259 764 379 rr.
1104 335 1144 382 21

172 373 259 423 seua.

138 454 268 512 monente
275 436 442 535 Claudio,
456 437 494 509 in
508 465 653 540 regnum
667 437 847 534 remeavit,
861 438 942 509 fisus
953 436 1150 513 Pharasma-

137 552 177 624 nis
191 553 316 652 opibus.
337 556 372 625 ls
392 576 451 626 reu
466 553 574 626 Iberis
585 610 594 651 ‚
605 553 776 652 idemque
794 551 1006 626 Mithridatis
1025 553 1146 651 frater,

137 667 314 764 nuntiabat,
341 665 568 740 «discordare
588 667 732 739 Parthos
752 693 762 739 ι
788 690 987 764 summaque
1015 663 1152 764 imperii

137 781 271 882 ambigua
285 805 294 853 ε
307 779 441 853 minora
452 781 613 852 sinecura
623 779 750 852 haberi.
764 810 782 848 u
798 783 892 853 Nam
899 779 987 851 inter
993 777 1152 852 Gotarzis

137 892 271 994 pleraque
284 919 373 969 saeva
390 893 471 993 (qui
491 920 609 967 necem
628 894 726 967 fratri
749 895 926 967 Artabano
947 892 1152 994 conjugique

138 1005 233 1079 acfilio
244 1009 317 1106 ejus
330 1022 593 1108 praeparaverat,
617 1007 708 1080 unde
726 1022 837 1080 metus
857 1007 929 1106 ejus
948 1007 984 1079 in
1006 1007 1152 1101 ceteros)

137 1118 261 1195 accivere
273 1123 461 1194 Bardanen.
476 1121 556 1209 llle,
570 1136 609 1192 ut
622 1140 693 1193 etat
705 1121 842 1221 magnis,
851 1120 940 1194 ausis
952 1136 1149 1220 promptus,

137 1228 221 1305 biduo
233 1234 298 1307 tria
310 1235 420 1308 millia
434 1235 621 1309 stadiorum
633 1234 786 1332 inuadit,
802 1234 1028 1337 ignarumque
1048 1249 1080 1308 et
1093 1259 1154 1307 ex-

138 1346 269 1421 territum
292 1349 465 1451 Gotarzen
485 1349 664 1448 proturbat
688 1372 696 1420 :
720 1374 829 1447 nequae
850 1364 1046 1447 cunctatur,
1069 1347 1154 1447 quin

160 1520 184 1563 ¹7·
193 1510 242 1554 Tn'a
249 1508 327 1554 millia
333 1511 458 1555 stadiorum
468 1511 560 1554 invadit
568 1509 643 1555 Nescio
651 1541 658 1564 ‚
666 1523 694 1554 an
704 1509 756 1554 satir
763 1506 829 1553 latins
837 1526 844 1554 ε
851 1511 917 1555 tutius
924 1510 952 1556 sit
959 1510 1157 1556 evadit-Euadne

137 1587 209 1625 entem
218 1585 273 1628 lun.
284 1600 322 1639 n,
334 1588 368 1628 35.
378 1585 500 1629 dncrinren
510 1583 619 1637 evam,
631 1583 855 1639 etfactnusevadere
864 1589 919 1630 Ano.
933 1589 970 1639 14,
982 1586 1011 1638 6,
1026 1602 1045 1642 7.

138 1709 293 1778 (Mithridates
302 1719 400 1772 scilieet
410 1718 435 1788 a)
447 1718 520 1781 alter,
532 1730 621 1769 utme-
653 1720 829 1770 normaniam
842 1719 903 1772 alibi
912 1720 1036 1789 loquitur.
1052 1719 1098 1778 13,
1117 1733 1156 1782 up.

137 1790 185 1844 don
196 1797 244 1864 fide
261 1800 405 1860 mitteremr,
422 1798 534 1864 optabat.
554 1798 621 1848 Luna.
654 1794 1157 1870 sedtamenvulgatumnouadeoabsur-

138 1866 226 1927 llestitui
239 1877 367 1939 vinctura,
383 1873 453 1946 quod
467 1872 546 1927 MSS.
564 1872 623 1944 dui·
654 1874 716 1927 dum
734 1891 779 1929 aut
795 1892 884 1931 contra
899 1879 1040 1948 analogiam
1058 1873 1156 1927 dictum

137 1942 182 1998 tlara
192 1950 267 2003 etad.
278 1970 318 2021 pr.
331 1949 441 2013 habent,
457 1962 483 2001 et
495 1950 538 2002 hic
551 1948 622 2001 desi·
654 1966 728 2022 puto.
747 1958 905 2021 Proepurare
921 1955 1000 2006 alicui
1016 1971 1101 2004 necem
1119 1965 1157 2004 est

137 2018 203 2078 denari
208 2029 282 2080 etiam
289 2029 388 2098 Lipsius
394 2026 623 2098 viditQuoeforma
654 2030 754 2092 moliri,
764 2049 811 2101 per
818 2051 926 2095 venena,
939 2029 1156 2102 utprofictionem

136 2099 235 2174 loquendi
262 2107 299 2158 ad
322 2100 484 2172 presentiam
513 2106 623 2178 alicujus
652 2128 802 2179 praeparare
822 2111 890 2182 apud
909 2110 1012 2164 Suetou.
1030 2109 1091 2161 Tib.
1116 2109 1157 2160 38.

135 2179 182 2232 veli
188 2181 203 2234 ?
214 2183 327 2236 Omnino
340 2185 441 2248 nescio,
457 2182 519 2254 quid
536 2185 570 2234 sit
586 2182 624 2233 ad
653 2207 702 2259 pro
710 2190 803 2242 moliri,
815 2180 893 2260 Qu'od
903 2193 924 2242 si
934 2203 1018 2242 tamen
1031 2180 1058 2240 'vi
1071 2199 1159 2256 aperta

134 2262 447 2331 Woesentiam‚q¹10dcum
462 2260 622 2330 vacuamjam
655 2268 772 2331 sustulit,
784 2287 922 2336 properare
933 2267 1101 2320 necessarium
1111 2278 1157 2318 est.
1204 2326 1211 2344 ι

135 2341 200 2390 estin
217 2339 257 2393 ed.
275 2340 377 2392 Puteol.
396 2341 531 2411 repetique
551 2353 577 2391 et
596 2341 623 2391 in
654 2344 751 2396 Verum
761 2345 876 2398 abinitio
891 2346 965 2416 hujus
981 2343 1158 2415 parentheseoa

134 2407 252 2468 (laenas
260 2415 347 2486 edpr.
353 2417 434 2469 abest.
442 2417 561 2469 Tacitum
567 2417 619 2487 qui·
654 2421 789 2492 legendum
805 2435 869 2492 puto
882 2425 972 2493 quippe
988 2438 1081 2471 necem.
1099 2418 1160 2488 syt-

134 2487 178 2544 (lem
192 2497 228 2547 sic
241 2497 373 2565 scripsisse
387 2509 438 2549 non
451 2494 536 2548 credo.
553 2496 623 2548 Ean.
654 2497 1158 2568 labaneabsorpsitultimamruiquippe.

134 2565 181 2624 llud.
195 2575 287 2625 vietum
297 2577 361 2626 etin
375 2593 455 2644 marg.
469 2575 502 2626 al.
513 2588 621 2626 vacuum.
655 2574 762 2646 Semper
781 2577 887 2627 Tacitus
902 2578 927 2626 in
945 2575 991 2626 tali
1013 2570 1158 2644 parenthesi

135 2645 184 2704 llere
198 2653 254 2721 Bip.
274 2667 412 2716 vocatum,
435 2672 488 2722 quo
508 2654 622 2707 redditur
654 2656 702 2707 bac
720 2656 847 2723 particula
859 2656 959 2706 utitur:
975 2667 1004 2706 ut
1019 2666 1077 2704 ante
1092 2671 1115 2703 c.
1131 2655 1157 2704 6.

135 2721 444 2797 Βίοηίεμιτιτιμψᾶμὸιοε.
454 2731 569 2782 Vinctum
577 2728 622 2780 ad·
655 2731 787 2784 Acidulius
797 2733 873 2783 etiarn
884 2733 939 2802 ejus
953 2744 1013 2802 post
1022 2742 1098 2781 rietus
1112 2728 1160 2780 de-

135 2803 186 2857 mitti
194 2821 295 2878 posset,
305 2809 325 2859 si
333 2807 469 2859 adderetur
476 2807 625 2872 adducturus
654 2810 701 2861 leri
711 2810 778 2861 vult:
796 2809 883 2861 Recte.
894 2809 989 2861 Noster
1000 2805 1061 2858 alibi
1072 2825 1078 2856 a
1092 2805 1159 2856 unde

136 2886 441 2958 verumvelsimilequid.
551 2948 555 2958 .
654 2884 1160 2958 menninomner.Exemplumiac.Gro·

157 2964 359 3034 Proeparaverat.
365 2964 440 3018 Nihil
449 2967 543 3018 certius
551 2965 622 3028 mibi,
655 2971 725 3020 nonii
735 2969 844 3020 alienum
854 2982 901 3021 est.
913 2967 1160 3032 transsumpt-

135 3045 322 3108 quamTacitum
333 3045 462 3115 scripsisse
470 3063 624 3113 properave-
656 3058 765 3097 nacerat.

136 3120 253 3190 mequod
260 3134 287 3173 et
297 3121 501 3177 Muretovisum.
512 3121 624 3175 Utlibro
690 3124 781 3174 Accio.
801 3121 949 3175 Bardonem
972 3122 1063 3175 Paullo
1084 3121 1158 3173 aliter

136 3206 159 3253 ²·
171 3199 206 3249 31.
220 3200 493 3264 praemunitam
509 3203 624 3267 quamvis
656 3202 712 3252 Jos.
723 3203 787 3252 Ant.
798 3217 842 3262 ao,
856 3216 879 3252 a.

135 3277 227 3337 oceno,
253 3275 305 3327 nun
327 3274 499 3335 whmn'am
518 3289 624 3329 mortem
688 3277 781 3328 Biduo.
791 3277 870 3328 Deest
881 3277 907 3326 in
917 3274 980 3326 Bud.

134 3354 344 3416 Pmperavisress.
361 3354 461 3408 afiod.
477 3355 510 3407 de
525 3356 565 3407 his
577 3360 624 3425 qui
661 3400 664 3405 ⁴
693 3356 756 3405 tuta
773 3354 861 3407 millia.
876 3354 924 3405 Est
935 3356 1023 3423 ingens
1032 3371 1119 3404 cursus
1133 3352 1159 3402 in

136 3437 175 3490 Par.
184 3432 270 3500 Siquis
278 3433 393 3499 peremis
401 3432 502 3502 autstlii
514 3437 623 3484 autom·
655 3430 735 3484 biduo
746 3450 752 3480 ε
762 3431 807 3483 sed
818 3445 906 3484 noctes
918 3433 993 3484 etiam
1003 3428 1070 3490 baud
1081 3427 1159 3481 dubie

136 3500 181 3555 tluo
194 3505 348 3576 adfectionis
363 3510 431 3578 epira,
452 3527 510 3576 quoe
528 3527 624 3561 nuncu-
656 3522 797 3579 assumptae.
810 3509 916 3560 Faciunt
933 3519 1045 3558 trecenta
1060 3519 1161 3572 septua-

133 3583 216 3641 autom
237 3587 375 3653 parricidii
392 3589 542 3652 continetur,
559 3589 624 3655 fieta
655 3587 726 3653 ginta
742 3587 850 3654 quinque
867 3585 984 3636 milliaria
995 3601 1106 3636 romana.
1118 3596 1157 3635 est

135 3663 423 3735 tmperaverr'tNirgilius
431 3683 456 3733 9,
465 3667 521 3732 lpoo.
529 3685 624 3716 ansere
656 3665 724 3717 idem
734 3684 835 3727 cursus,
849 3683 926 3735 φιεω
938 3664 1051 3718 Annibal
1066 3665 1156 3715 confe-

137 3737 349 3794 meudosmort'turus
358 3743 625 3813 inhorreslnserat‚et
657 3745 706 3805 cit,
717 3741 861 3813 aSeipione
871 3743 955 3794 victus
969 3762 975 3792 ε
992 3756 1017 3794 et
1032 3741 1091 3795 uide
1101 3759 1155 3804 me,

136 3817 248 3875 oubam
258 3835 378 3888 properet
386 3824 626 3888 pervulneramors
657 3821 678 3871 si
693 3820 778 3882 voles,
793 3818 916 3871 Centurio
924 3819 1008 3889 Epist.
1024 3818 1057 3869 ad
1066 3819 1159 3881 Italos,

137 3898 324 3972 tenvutgatum
336 3903 380 3955 vix
390 3903 498 3953 latinum
508 3915 563 3966 est,
580 3923 625 3954 ne·
657 3901 732 3970 epist.
745 3898 865 3966 59.L1rs.

138 3979 316 4051 perlegantur
323 3983 463 4048 paraverit.
478 3981 569 4036 Gnor.
580 3981 625 4036 sua
691 3980 820 4030 Gotarzen
834 3976 977 4047 proturbat.
992 3970 1035 4028 sle
1048 3971 1101 4043 iam
1117 3970 1157 4024 ed·
