2662 4830
108 315 223 359 *M*
439 318 616 394 ¹LIBER
639 318 711 393 XI.
1072 326 1095 398 5

107 387 133 425 Δ·
142 384 208 434 ote

57 448 205 524 Clarum
217 475 258 525 ex
271 475 310 522 eo
330 448 367 520 in
380 451 465 523 urbe
474 449 609 555 ,didita
626 479 688 549 per
701 451 891 549 provincias
904 454 1011 543 fama,
1037 481 1101 553 pa·-

57 589 135 637 rare
147 565 211 638 iter
223 564 266 637 ad
280 563 503 636 Germanicos
517 563 692 650 exercitae
704 563 840 663 quaudo
852 565 986 667 genitus
996 566 1100 640 Vien-

57 701 134 773 nae,
165 676 351 775 multisque
376 690 410 748 et
438 675 558 750 validis
586 676 898 776 propinquitatibus
918 680 1100 780 subnixus,

57 790 200 863 turbare
210 789 352 892 gentiles
365 788 518 862 nationes
528 801 727 890 p'romptum
739 790 888 865 haberet.
903 820 921 863 r>
935 795 986 866 At
996 795 1099 868 Clau-

58 903 153 993 dius,
167 903 256 976 nihil
267 904 358 975 ultra
366 918 548 992 scrutatus,
561 902 636 976 citis
649 930 729 975 cum
737 903 923 1003 militibus,
934 922 1097 1006 tanquam

58 1016 285 1115 opprimendo
309 1014 420 1110 belle,
448 1015 667 1113 Crispinum,
694 1016 846 1115 praetorii
870 1021 1095 1119 preelectum,

57 1127 154 1200 misit
167 1153 176 1200 :
189 1155 289 1228 aquo
301 1143 452 1228 repertus
465 1142 516 1201 est
525 1128 616 1227 apud
626 1128 741 1228 Baias,
758 1129 947 1231 vinclisque
959 1132 1097 1232 inditis,

59 1238 96 1309 iu
109 1241 234 1314 urbem
249 1260 374 1340 raptus.

105 1355 152 1426 Π.
169 1358 294 1454 Neque
307 1355 384 1428 data
398 1369 533 1428 senatus
548 1354 645 1452 copia
661 1378 670 1426 ε
686 1354 775 1428 intra
791 1357 989 1431 cubiculum
1005 1359 1100 1432 audi-

56 1468 339 1564 tur,Messallina
351 1496 465 1542 coram
475 1467 622 1543 etSuilio
633 1469 911 1570 «corruptionem
922 1471 1093 1572 militum,

58 1604 146 1679 quos
158 1581 302 1678 pecunia
315 1601 348 1656 et
368 1601 485 1681 stupro
498 1580 536 1654 in
555 1581 650 1654 omui
666 1581 795 1685 flagitio
808 1584 987 1658 obstrictos
1001 1616 1018 1655 u
1037 1614 1096 1659 ar-

58 1694 204 1794 guebnt⁷
228 1693 306 1767 exin
331 1693 569 1767 «adulterium
588 1697 763 1795 Poppaeae‚
782 1729 800 1766 u
824 1725 863 1771 ac
882 1713 1096 1797 postremum

64 1835 81 1875 u
88 1806 272 1881 mollitiam
280 1806 430 1907 corporis
440 1834 457 1872 r
468 1807 668 1904 objectante.
678 1808 738 1883 Ad
745 1811 839 1910 quod
845 1813 934 1885 victo
946 1811 1094 1911 silentio,

62 1964 218 2031 admittunt,
241 1981 266 2020 et
293 1980 361 2019 recte
385 1966 554 2037 distinguunt.
628 1968 708 2018 Suilio
722 1974 906 2037 corruptionem
921 1972 1034 2024 militum.
1046 1971 1099 2026 Sic.
1122 1982 1127 1992 ¹

90 2045 189 2098 Dedita
202 2064 251 2114 per
261 2046 417 2113 provincias.
434 2044 496 2097 Sive
507 2061 563 2095 ma·
596 2046 654 2097 cod.
667 2048 736 2100 Flor.
754 2048 841 2102 Guelf.
858 2051 898 2103 ed.
911 2070 951 2121 pr.
965 2053 1100 2105 Puteolani.

62 2124 216 2188 rimfflita.
230 2126 402 2192 Lucretiuslb
418 2125 503 2192 alo...
521 2143 564 2175 re·
596 2124 654 2175 Riv.
668 2125 798 2191 Beroaldi‚
816 2128 913 2180 Alciat.
932 2127 1012 2179 Rben.
1032 2127 1099 2182 Ald.
1153 2186 1155 2190 ¹

62 2216 113 2252 rum
121 2201 388 2269 simulacrafiruntur
397 2203 529 2270 Undique,
540 2215 566 2252 et
596 2202 696 2274 Gryph.
709 2204 777 2258 Eun.
790 2208 856 2258 Item
873 2206 936 2258 Bud.

63 2274 205 2332 menuctus
219 2282 352 2352 jaciturutr
370 2280 452 2331 didita
466 2293 562 2349 partes.
629 2285 663 2332 In
680 2286 750 2335 omni
758 2285 873 2354 flagitio.
892 2286 972 2338 Rheu.
986 2285 1099 2338 malebat

62 2354 182 2426 Virgilius
199 2359 230 2419 8,
255 2359 325 2420 132„
343 2357 496 2425 Cognatique
510 2374 564 2422 pa·
595 2361 623 2411 in
631 2366 704 2412 omn'e
702 2362 883 2436 flagt'tium‚ut
892 2364 1015 2435 supraad
1020 2365 1101 2416 scelus

62 2445 123 2498 tres,
147 2447 199 2485 urm
216 2437 292 2486 terris
310 2435 392 2486 didita
398 2435 480 2501 stema
498 2436 565 2486 Con·
595 2444 756 2509 corruptal,
772 2462 810 2495 ro.
821 2443 860 2493 ad
862 2444 968 2506 facinus
977 2461 1050 2494 omne
1064 2445 1098 2495 H.

58 2515 168 2582 junxere
187 2515 240 2564 tibi.
259 2515 326 2566 ers.
338 2514 382 2566 Sic
397 2515 519 2575 Faernus,
535 2527 563 2566 et
598 2538 627 2582 r,
645 2538 685 2588 72.
697 2520 794 2572 Verum
816 2535 888 2591 puto.
902 2522 995 2573 Melius
1012 2535 1098 2582 certe,

63 2591 115 2645 MS.
133 2591 224 2644 Guelf.
248 2611 263 2643 a
283 2613 323 2663 pr.
344 2610 433 2655 manu,
456 2605 482 2644 et
501 2593 560 2647 cod.
594 2613 672 2665 quam
682 2596 753 2666 quod
762 2595 875 2648 Grutero
885 2597 1014 2666 placebat:
1029 2598 1100 2650 omni

62 2669 127 2722 Flor.
138 2670 206 2721 unde
215 2684 284 2722 recte
294 2686 433 2742 receptum.
443 2671 562 2723 Conlun·
586 2671 691 2742 flagitio
703 2691 709 2720 ε
722 2671 791 2742 quod
802 2684 885 2724 tamen
893 2674 1000 2737 ferrem,
1012 2675 1032 2726 si
1040 2687 1099 2725 ante

63 2748 153 2801 duntur
173 2748 228 2801 baec
252 2750 332 2802 verba
349 2769 363 2801 a
381 2751 492 2803 librariis
510 2770 562 2802 non
594 2746 853 2801 elerabessethnu.
867 2749 982 2820 Vulgatoe
995 2751 1100 2803 lectioni

64 2846 125 2880 raro.
137 2830 192 2898 Ap.
204 2827 298 2899 virgil.
315 2828 377 2881 AEn.
398 2848 428 2897 7,
449 2831 503 2897 144.
514 2848 562 2898 pro
595 2829 682 2879 lavent
695 2827 732 2890 15,
742 2828 782 2896 44
793 2829 929 2880 incrimine
937 2832 1050 2882 convicti.
1063 2832 1102 2894 1³,

64 2907 156 2958 didr‘trtr
169 2906 231 2957 libri
245 2908 364 2976 permulti
373 2908 483 2959 deditur.
494 2907 561 2959 Vide
594 2908 633 2957 36.
646 2906 672 2954 t'n
680 2905 828 2955 contumelia
836 2903 936 2958 detenti
947 2906 1030 2958 Plaut.
1041 2905 1100 2958 Cae.

64 2983 96 3035 ibi
107 2985 178 3035 viros
186 2983 285 3036 doctos.
297 2983 365 3036 Eun.
377 2984 443 3037 Cod.
451 2982 514 3035 Bud.
524 2983 563 3033 dt·
594 3000 609 3034 a
616 3023 623 3049 ,
635 2986 665 3046 8,
677 3003 717 3052 71·
725 2994 808 3036 tenere
818 2986 845 3034 in
855 3004 932 3037 noxa.
942 2985 1000 3056 Bip.

64 3058 134 3110 dt'tua
144 3077 168 3111 2.
181 3079 215 3111 m.
627 3064 671 3115 Ac
679 3076 840 3128 postremum.
852 3063 1057 3128 Adverbiuliter,
1073 3084 1100 3128 r,
1207 3110 1209 3128 ,

91 3141 242 3205 Promptum
258 3139 370 3192 baberet.
385 3141 461 3193 Alter
476 3140 562 3193 Vatio.
596 3142 635 3210 74.
642 3141 779 3207 perniciem
789 3142 847 3191 aliis
856 3160 888 3192 ae
895 3154 1046 3209 postremum
1054 3142 1103 3191 sihi

63 3218 183 3284 porprett‘t'
193 3219 303 3271 baberet.
313 3219 386 3272 Nihil
392 3220 467 3272 elicio
476 3259 483 3282 ‚
494 3219 564 3291 quod
596 3217 809 3271 invenereGuelf.
816 3219 937 3272 babetad
942 3233 1102 3288 postremum.

65 3297 199 3348 anteferam
216 3299 335 3368 vulgatae.
355 3300 422 3351 ers.
441 3297 498 3368 Bip.
511 3300 565 3350 for·
597 3316 647 3348 non
658 3297 739 3348 male:
756 3296 800 3348 sed
811 3297 838 3349 ei
855 3301 892 3349 ad
901 3298 1002 3350 videtur
1011 3311 1099 3349 natum

65 3391 103 3424 tan
111 3393 161 3440 pro
169 3377 252 3440 pretio
262 3390 305 3428 eut
314 3379 526 3445 operaepretium.
597 3395 629 3427 ex
641 3395 687 3438 eo,
704 3376 775 3446 quod
784 3395 843 3428 mox
853 3378 967 3447 sequitur
977 3377 1014 3426 ad
1022 3376 1099 3442 quod.

93 3453 243 3519 Crispinum,
254 3455 319 3507 Vide
330 3455 362 3508 de
373 3456 423 3508 hoc
437 3473 480 3519 ω,
491 3459 530 3524 42.
597 3456 666 3508 Eun.
675 3455 740 3508 Bud.
749 3474 781 3506 uc
789 3474 816 3520 p.

94 3534 182 3602 Neque
198 3532 261 3584 data
276 3548 375 3586 senatus
387 3538 471 3601 copia.
483 3536 565 3587 Inter·
624 3531 1103 3603 Mollitiamcorporis.Impudicitiam:

66 3611 166 3675 punctio
180 3613 285 3680 vulgata
300 3611 410 3676 indicat,
427 3633 476 3683 pro
491 3611 565 3665 able·
595 3611 690 3680 probra
704 3611 927 3678 eorporisdixitd,
938 3613 977 3678 24.
988 3613 1102 3663 Sicmol-

66 3684 121 3736 rivis
140 3688 222 3755 accipi
239 3685 334 3740 verbe:
351 3688 422 3759 quod
446 3691 495 3742 etsi
515 3707 567 3740 non
599 3691 681 3760 lisep.
698 3690 770 3744 Suet.
790 3690 846 3742 Cal.
863 3691 902 3744 56.
911 3690 945 3743 V.
962 3690 1048 3743 Bnrm.
1067 3690 1099 3743 ad
1124 3737 1126 3740 ,

66 3762 134 3831 plane
154 3764 294 3817 abhorret:
312 3781 397 3819 tamen
415 3770 501 3837 potius
518 3787 567 3839 pro
600 3768 686 3820 Pbaed.
706 3769 735 3835 4,
756 3770 793 3835 14.
811 3767 888 3820 Adde
907 3769 949 3833 rb,
967 3770 1009 3837 49.
1028 3769 1098 3820 Eur.

67 3843 222 3895 nominativis
228 3845 381 3914 accipienda.
388 3846 429 3897 Ita
434 3859 460 3897 et
467 3847 568 3917 elegen·
600 3845 702 3897 *Extat
717 3863 815 3914 gemma
827 3845 881 3914 ejus
890 3847 962 3896 testis
971 3863 1029 3896 cum
1040 3847 1099 3914 epi-

68 3917 113 3968 tior
123 3921 216 3982 oratio,
226 3933 252 3971 et
261 3921 353 3973 Tacito
362 3921 473 3992 dignior.
486 3923 518 3974 Ei
531 3925 568 3975 rei
601 3922 695 3996 grapbe
704 3941 710 3972 :
719 3923 820 3975 Messal.
828 3923 920 3975 Claud.
931 3925 1034 3975 invicta.

69 3994 568 4068 interpunctionemaecommodari.Enr.
638 4001 712 4055 Victo
732 4000 839 4054 silentio.
858 4000 975 4060 Veteres,
998 3998 1103 4052 indicto.
