2662 4830
129 307 244 351 rr...
436 310 641 384 erese
664 308 736 391 111.
1058 309 1122 384 x25
1221 346 1223 351 «
1265 310 1269 321 ·

130 378 154 416 Α.
163 378 187 417 G.
222 403 228 413 ·
240 380 243 385 '

53 376 243 515 militidin
253 437 554 540 adspernahautur.
566 438 679 543 Igitur
692 436 869 510 exstructis
881 436 1121 539 monimentis,

50 557 217 657 quihus¹
226 583 306 655 opes
319 581 396 628 suas
411 557 615 653 testabatur,
641 581 704 627 nee
717 553 879 652 cuiquam
895 568 973 626 ante
988 553 1124 626 Arsaci-

47 671 204 744 darum
227 669 357 764 tributa
380 668 447 741 illis
468 669 511 742 de
532 667 693 768 gentihus
712 685 830 766 parta,
845 666 1036 767 regreditur
1042 694 1053 757 3
1074 667 1124 740 iu·

44 809 163 884 gens
175 783 303 886 gloria,
319 799 421 883 atquc
440 809 481 855 eo
494 781 639 855 ferocior
658 801 692 855 et
710 780 872 879 subjectis
885 779 1096 854 intoleratior
1113 807 1124 854 t

44 898 161 996 qui,
184 898 268 970 dolo
282 917 360 971 ante
373 895 582 996 composite,
604 894 801 992 incautum,
820 894 1058 996 venationique
1076 895 1127 968 in-

45 1027 237 1110 tentum,
255 1011 470 1108 interfecere,
484 1008 633 1108 primam
645 1007 735 1081 intra
747 1009 943 1109 juventam,
961 1010 1020 1082 sed
1033 1009 1127 1082 clari-

30 1125 205 1210 ,tudiue
223 1151 347 1225 paucos
364 1125 452 1197 inter
473 1145 592 1197 senum
612 1148 754 1224 regum,
771 1130 800 1195 si
816 1123 960 1222 perinde
976 1149 1127 1197 amorem

52 1243 171 1313 inter
185 1240 386 1340 populares,
402 1265 507 1339 quam
523 1255 655 1311 metum
675 1238 766 1337 apud
782 1237 894 1311 hostes
907 1237 1127 1338 quaesivisset.

52 1355 180 1427 Nece
192 1355 357 1427 Bardanis
370 1355 515 1427 turhatae
530 1353 738 1425 Parthorum
753 1379 805 1427 res
821 1353 910 1426 inter
926 1353 1105 1455 amhiguos
1115 1409 1136 1452 „

64 1467 163 1565 quis
173 1467 210 1539 in
229 1492 374 1570 reguum
387 1470 604 1566 acciperetur.
619 1467 728 1539 Multi
744 1468 788 1540 ad
806 1467 979 1541 Gotarzen
991 1466 1129 1541 inelina-

66 1579 186 1668 lsant3
200 1583 343 1683 quidam
356 1583 399 1655 ad
412 1581 657 1680 Meherdaten,
672 1582 807 1682 prolem
828 1582 1029 1679 Phrahatis,
1044 1569 1132 1656 ohsi-
1209 1619 1213 1624 ·

75 1694 146 1768 dio
161 1699 262 1770 nohis
277 1697 408 1771 datum.
427 1699 516 1784 Dein
531 1697 710 1796 prevaluit
726 1698 914 1772 Gotarzes:
933 1701 1131 1798 potitusque

83 1813 234 1911 regiam,
252 1839 313 1912 per
327 1812 493 1888 saevitiem
506 1813 677 1885 aelurum
692 1812 805 1916 adegit
819 1812 979 1913 Parthos,
996 1816 1132 1886 mittere
1169 1810 1174 1818 ’

90 1923 136 1994 ad
146 1925 525 2026 principemromenum
535 1926 682 1998 occultas
694 1953 827 2026 preces,
840 1927 934 2027 quis,
953 1925 1133 2027 «permitti

92 2032 311 2114 Meherdaten
326 2041 481 2140 patrium
492 2039 535 2111 ad
551 2038 745 2140 fastigium,
760 2069 777 2109 n
798 2043 952 2116 orabant.

124 2229 153 2257 so.
167 2216 279 2283 Subiectis
293 2219 455 2264 intolerantior.
468 2216 637 2261 Intolerabilior
652 2220 738 2274 Agn-
752 2233 785 2263 ιι.
800 2220 846 2264 Sed
858 2221 965 2266 claritate
972 2233 1058 2278 paucos
1065 2233 1134 2275 pares

98 2284 162 2336 fuisse
169 2292 298 2346 uniregum.
310 2291 344 2336 sio
353 2291 402 2336 cod.
412 2296 462 2349 Agr.
469 2295 549 2344 Forte,
561 2289 603 2333 sed
612 2290 745 2335 claritudine
752 2295 919 2349 paucisparem
929 2297 1041 2339 seniorum
1049 2305 1133 2350 regum.

10 2538 18 2566 l

10 2920 19 2949 t

10 3076 19 3106 r

10 3190 52 3433 l

10 3306 17 3336 1

10 3456 55 3719 'l

103 2373 124 2390 ·
132 2372 160 2403 ²².
172 2360 229 2415 Quis
241 2363 264 2406 iu
273 2375 366 2418 regnum
374 2366 518 2418 acciperetur.
529 2363 560 2404 An
570 2362 688 2405 acciretur.
696 2362 747 2415 vel,
759 2363 932 2410 adscisceretur.
982 2391 986 2399 =

102 2492 160 2560 quod
171 2497 287 2548 restituit
298 2497 344 2564 (ex
351 2495 415 2548 Bud.
425 2495 434 2564 )
446 2493 593 2554 Rhenanus,
662 2495 738 2546 Ture.
749 2500 785 2547 P.
802 2516 856 2560 res,
868 2498 936 2549 inter
949 2511 999 2550 cto.
1017 2497 1134 2550 Muretus

102 2567 194 2622 ludaeto
208 2571 269 2623 inde
283 2590 299 2622 e
307 2572 448 2624 Puteolano
461 2587 594 2638 quamque.
627 2569 681 2620 ita:
695 2573 757 2622 turb.
769 2576 803 2623 P.
815 2591 863 2625 res.
872 2576 944 2626 Inter
952 2593 977 2627 a.
989 2593 1015 2642 q.
1026 2575 1043 2627 i.
1053 2592 1075 2625 r.
1086 2591 1134 2626 ae·

61 2708 62 2715 ἵ
102 2644 178 2700 Guelf.
194 2651 359 2719 longinquam
369 2651 514 2702 amicitiam.
528 2648 597 2700 Eun.
629 2647 764 2714 ciperetur,
778 2651 852 2702 multi
862 2664 912 2704 ete.

10 2764 13 2790 ,
101 2721 243 2781 luPuteol.
264 2742 372 2780 nonest
392 2745 529 2796 quamque,
553 2725 596 2778 sed
662 2729 766 2778 Prolem
775 2729 1136 2796 Phralratis.Nonlilium‚ne

99 2819 244 2873 qumquam.
255 2805 285 2856 In
293 2804 372 2857 Froh.
382 2806 452 2872 1519.
462 2820 594 2871 quamque.
629 2821 711 2867 erres,
721 2803 766 2856 sed
777 2820 897 2876 nepotem
910 2827 942 2859 ex
953 2807 1068 2859 Vonone.
1078 2806 1137 2878 Ipse

101 2882 161 2952 qnod
167 2883 249 2937 Rhen.
259 2885 354 2935 omisit.
630 2880 737 2933 Tacitus
749 2883 815 2934 infra
828 2901 874 2948 12,
886 2904 924 2937 ro.
934 2886 1003 2936 ers.

125 2963 342 3030 Neceuiqmm...
349 2975 435 3029 parta.
447 2959 492 3014 sic
500 2959 599 3013 dedite
664 2960 769 3012 Obsidio
783 2982 809 3013 n.
821 2962 842 3013 d
845 3003 849 3012 .
862 2963 975 3032 Ryelrius
985 2965 1136 3033 suspicatur,

99 3035 148 3089 eod.
165 3037 230 3090 llud.
247 3057 296 3108 pro
309 3056 355 3089 nec
365 3040 432 3089 enim
442 3038 598 3104 cuiquam...
631 3036 1137 3111 obsidiumdiciperappos.proobsidem‚

98 3127 183 3176 parata
202 3113 347 3167 Rhenanus.
369 3115 449 3165 Enim
470 3115 547 3165 etiarn
566 3113 598 3165 eh
632 3128 699 3168 etex
714 3117 779 3187 Agr.
797 3117 985 3182 eodcitat51,
998 3139 1019 3170 1.
1034 3122 1137 3171 temeri-

100 3190 133 3242 ed.
146 3196 228 3262 princ.
246 3193 327 3246 abest.
346 3193 495 3246 Rhenanum
512 3193 598 3247 statim
630 3204 683 3245 tate
693 3194 800 3258 obsidii,
813 3193 859 3246 uhi
871 3197 896 3246 in
905 3196 960 3246 aliis
970 3195 1071 3246 obsidis.
1087 3197 1138 3248 Ob-

100 3283 193 3323 secutus
199 3285 240 3324 est
249 3270 341 3324 Aldus.
347 3271 416 3323 Eun.
427 3269 492 3323 itud.
503 3289 518 3322 a
529 3292 551 3324 1.
564 3291 599 3322 m.
630 3273 722 3324 sidium
732 3292 780 3344 pro
795 3286 863 3325 statu
879 3273 975 3326 obsidis
986 3275 1051 3325 sumi
1065 3288 1138 3328 notat

101 3344 202 3402 habehat
212 3362 316 3416 parata.
332 3349 467 3402 Rhenanus
483 3350 549 3400 male
566 3348 598 3400 ad
631 3347 760 3401 Gesnerus
772 3352 798 3401 in
808 3351 874 3402 thes.

102 3441 152 3475 eum
161 3437 298 3496 provocet.
663 3428 1138 3500 Pectusqumgia.vn.0pt.regtam.
1211 3474 1214 3481 .

128 3503 247 3572 Subjectis
260 3503 446 3555 intolerantior.
455 3505 513 3554 Jam
528 3502 598 3554 dlxi·
630 3507 838 3579 ltaquescripsit.
847 3508 916 3557 ere.
926 3505 970 3558 sie
981 3507 1084 3559 etFlor.
1098 3506 1138 3559 ed.

104 3595 150 3632 mus
163 3581 194 3632 ad
211 3584 226 3633 3
238 3620 246 3644 ,
264 3581 305 3648 45.
323 3583 390 3633 curis
408 3583 599 3633 intoleranttlus
632 3605 673 3655 pr.
685 3588 769 3656 Regia
781 3585 854 3640 dedit
867 3586 970 3638 Puteol.
980 3598 1006 3637 et
1019 3604 1091 3658 seqq.
1103 3587 1140 3640 sie

104 3673 143 3726 pro
149 3659 315 3713 intolerandis
325 3660 419 3713 dixisse
429 3661 542 3713 Levium
553 3681 560 3711 ε
570 3675 600 3714 ut
632 3663 690 3717 MS.
701 3663 791 3718 Guell.
806 3665 875 3716 Ean.
886 3663 952 3716 Cod.
965 3667 1030 3736 Agr.
1046 3683 1138 3717 rerum.

104 3737 271 3811 imolerantior
282 3745 364 3815 possit
377 3762 429 3796 esse
439 3745 522 3795 minus
530 3744 599 3796 tole-
672 3743 793 3794 Permitti
809 3740 984 3793 Meherdaten.
995 3741 1062 3794 Vide
1075 3741 1139 3793 Obs.

106 3818 193 3873 raudus.
202 3821 295 3874 Giton.
307 3821 371 3874 Mox
381 3840 430 3892 pro
440 3820 511 3888 apud
518 3821 600 3873 hostes
633 3835 663 3881 2,
676 3820 713 3870 13.
724 3815 813 3869 Gnos.
825 3820 841 3869 i.
852 3837 874 3870 e.
885 3831 915 3870 ut
923 3826 1077 3888 potestatem
1089 3817 1140 3869 da-

106 3891 139 3943 td.
148 3915 185 3965 pr.
202 3900 276 3950 iuter.
293 3899 363 3950 Eun.
374 3896 483 3950 Grotius
495 3898 600 3951 volebat
633 3909 672 3948 ret
690 3895 766 3948 eundi
784 3897 811 3946 in
829 3897 938 3967 patriam
955 3909 982 3948 et
994 3895 1141 3967 capessendi

107 3969 340 4048 inoleretionquod
346 3977 441 4049 placet.
452 3975 495 4029 Cf.
505 3994 547 4041 rs,
561 3997 599 4031 rr.
632 3975 712 4046 regni.
733 3975 809 4030 Adde
826 3975 931 4030 Gruter.
945 3973 977 4028 ed
995 3975 1140 4031 Martialem
